<?xml version="1.0" encoding="UTF-8"?>
<!DOCTYPE html PUBLIC "-//W3C//DTD XHTML 1.0 Transitional//EN"
    "http://www.w3.org/TR/xhtml1/DTD/xhtml1-transitional.dtd">
<html xmlns="http://www.w3.org/1999/xhtml" xml:lang="en" lang="en">
 <head>
  <title>
</title>
<meta http-equiv="Content-Type" content="text/html;charset=utf-8" />
  <meta name='ocr-system' content='tesseract 3.04.00' />
  <meta name='ocr-capabilities' content='ocr_page ocr_carea ocr_par ocr_line ocrx_word'/>
</head>
<body>
  <div class='ocr_page' id='page_1' title='image "./pausaniaccurat00paus_0749.png"; bbox 0 0 2047 3665; ppageno 0'>
   <div class='ocr_carea' id='block_1_1' title="bbox 26 741 66 766">
    <p class='ocr_par' dir='ltr' id='par_1_1' title="bbox 26 741 66 766">
     <span class='ocr_line' id='line_1_1' title="bbox 26 741 66 766; baseline -0.025 0"><span class='ocrx_word' id='word_1_1' title='bbox 26 741 66 766; x_wconf 79' lang='lat'>10</span> 
     </span>
    </p>
   </div>
   <div class='ocr_carea' id='block_1_2' title="bbox 27 1300 74 1325">
    <p class='ocr_par' dir='ltr' id='par_1_2' title="bbox 27 1300 74 1325">
     <span class='ocr_line' id='line_1_2' title="bbox 27 1300 74 1325; baseline 0.021 -1"><span class='ocrx_word' id='word_1_2' title='bbox 27 1300 74 1325; x_wconf 85' lang='lat'>20</span> 
     </span>
    </p>
   </div>
   <div class='ocr_carea' id='block_1_3' title="bbox 23 1876 66 1914">
    <p class='ocr_par' dir='ltr' id='par_1_3' title="bbox 23 1876 66 1914">
     <span class='ocr_line' id='line_1_3' title="bbox 23 1876 66 1914; baseline 0 -12"><span class='ocrx_word' id='word_1_3' title='bbox 23 1876 66 1914; x_wconf 75' lang='lat'>30</span> 
     </span>
    </p>
   </div>
   <div class='ocr_carea' id='block_1_4' title="bbox 22 2440 123 2482">
    <p class='ocr_par' dir='ltr' id='par_1_4' title="bbox 22 2440 123 2482">
     <span class='ocr_line' id='line_1_4' title="bbox 22 2440 123 2482; baseline 0 -7"><span class='ocrx_word' id='word_1_4' title='bbox 22 2440 123 2482; x_wconf 82' lang='lat' dir='ltr'>40g</span> 
     </span>
    </p>
   </div>
   <div class='ocr_carea' id='block_1_5' title="bbox 31 3004 74 3039">
    <p class='ocr_par' dir='ltr' id='par_1_5' title="bbox 31 3004 74 3039">
     <span class='ocr_line' id='line_1_5' title="bbox 31 3004 74 3039; baseline 0 -12"><span class='ocrx_word' id='word_1_5' title='bbox 31 3004 74 3039; x_wconf 80' lang='lat'>50</span> 
     </span>
    </p>
   </div>
   <div class='ocr_carea' id='block_1_6' title="bbox 599 147 1838 199">
    <p class='ocr_par' dir='ltr' id='par_1_6' title="bbox 599 147 1838 199">
     <span class='ocr_line' id='line_1_6' title="bbox 599 147 1838 199; baseline 0.006 -14"><span class='ocrx_word' id='word_1_6' title='bbox 599 147 863 189; x_wconf 84' lang='lat' dir='ltr'>LIBER</span> <span class='ocrx_word' id='word_1_7' title='bbox 921 147 1356 191; x_wconf 87' lang='lat' dir='ltr'>OCTAVVS.</span> <span class='ocrx_word' id='word_1_8' title='bbox 1764 168 1838 199; x_wconf 89' lang='lat'>209</span> 
     </span>
    </p>
   </div>
   <div class='ocr_carea' id='block_1_7' title="bbox 93 218 1839 1916">
    <p class='ocr_par' dir='ltr' id='par_1_7' title="bbox 96 218 1839 784">
     <span class='ocr_line' id='line_1_7' title="bbox 97 218 1839 282; baseline 0.001 -20"><span class='ocrx_word' id='word_1_9' title='bbox 97 223 309 278; x_wconf 39' lang='lat' dir='ltr'>*Acceperat</span> <span class='ocrx_word' id='word_1_10' title='bbox 316 225 344 261; x_wconf 87' lang='lat' dir='ltr'>is</span> <span class='ocrx_word' id='word_1_11' title='bbox 351 218 574 274; x_wconf 82' lang='lat' dir='ltr'>iampridem</span> <span class='ocrx_word' id='word_1_12' title='bbox 583 234 629 260; x_wconf 84' lang='lat' dir='ltr'>ex</span> <span class='ocrx_word' id='word_1_13' title='bbox 638 220 815 275; x_wconf 87' lang='lat' dir='ltr'><strong>Delphici</strong></span> <span class='ocrx_word' id='word_1_14' title='bbox 823 221 1005 275; x_wconf 82' lang='lat' dir='ltr'>Apollinis</span> <span class='ocrx_word' id='word_1_15' title='bbox 1014 222 1336 278; x_wconf 85' lang='lat' dir='ltr'>oraculo,Pelagus</span> <span class='ocrx_word' id='word_1_16' title='bbox 1345 224 1410 264; x_wconf 87' lang='lat' dir='ltr'>fibi</span> <span class='ocrx_word' id='word_1_17' title='bbox 1419 225 1761 282; x_wconf 76' lang='lat' dir='ltr'>cauendumquarc</span> <span class='ocrx_word' id='word_1_18' title='bbox 1769 226 1839 265; x_wconf 89' lang='lat' dir='ltr'>fuit</span> 
     </span>
     <span class='ocr_line' id='line_1_8' title="bbox 104 274 1839 336; baseline 0.002 -18"><span class='ocrx_word' id='word_1_19' title='bbox 104 279 154 318; x_wconf 87' lang='lat' dir='ltr'>illi</span> <span class='ocrx_word' id='word_1_20' title='bbox 163 282 336 334; x_wconf 71' lang='lat' dir='ltr'>precipua</span> <span class='ocrx_word' id='word_1_21' title='bbox 346 280 481 324; x_wconf 86' lang='lat' dir='ltr'>cautio,</span> <span class='ocrx_word' id='word_1_22' title='bbox 491 290 540 316; x_wconf 91' lang='lat' dir='ltr'>ne</span> <span class='ocrx_word' id='word_1_23' title='bbox 551 290 613 316; x_wconf 89' lang='lat' dir='ltr'>aut</span> <span class='ocrx_word' id='word_1_24' title='bbox 620 274 839 325; x_wconf 87' lang='lat' dir='ltr'>triremibus,</span> <span class='ocrx_word' id='word_1_25' title='bbox 844 290 906 316; x_wconf 87' lang='lat' dir='ltr'>aut</span> <span class='ocrx_word' id='word_1_26' title='bbox 913 280 1081 317; x_wconf 87' lang='lat' dir='ltr'>oneraria</span> <span class='ocrx_word' id='word_1_27' title='bbox 1087 290 1256 333; x_wconf 89' lang='lat' dir='ltr'>vnquam</span> <span class='ocrx_word' id='word_1_28' title='bbox 1265 281 1603 321; x_wconf 84' lang='lat' dir='ltr'>nauiveheretur.at</span> <span class='ocrx_word' id='word_1_29' title='bbox 1610 293 1839 336; x_wconf 72' lang='lat' dir='ltr'>premonuc-</span> 
     </span>
     <span class='ocr_line' id='line_1_9' title="bbox 103 331 1837 389; baseline 0.001 -13"><span class='ocrx_word' id='word_1_30' title='bbox 103 350 158 376; x_wconf 86' lang='lat' dir='ltr'>rat</span> <span class='ocrx_word' id='word_1_31' title='bbox 165 334 254 375; x_wconf 89' lang='lat' dir='ltr'>deus</span> <span class='ocrx_word' id='word_1_32' title='bbox 262 347 342 373; x_wconf 90' lang='lat' dir='ltr'>non</span> <span class='ocrx_word' id='word_1_33' title='bbox 351 346 465 381; x_wconf 89' lang='lat' dir='ltr'>mare,</span> <span class='ocrx_word' id='word_1_34' title='bbox 477 331 537 372; x_wconf 85' lang='lat' dir='ltr'>sed</span> <span class='ocrx_word' id='word_1_35' title='bbox 545 332 674 372; x_wconf 86' lang='lat' dir='ltr'>saltum</span> <span class='ocrx_word' id='word_1_36' title='bbox 682 347 771 372; x_wconf 89' lang='lat' dir='ltr'>eum</span> <span class='ocrx_word' id='word_1_37' title='bbox 779 331 1036 381; x_wconf 67' lang='lat' dir='ltr'>demirandam,</span> <span class='ocrx_word' id='word_1_38' title='bbox 1052 337 1112 373; x_wconf 89' lang='lat' dir='ltr'>cui</span> <span class='ocrx_word' id='word_1_39' title='bbox 1119 334 1272 389; x_wconf 84' lang='lat' dir='ltr'>Pelagus</span> <span class='ocrx_word' id='word_1_40' title='bbox 1281 349 1435 376; x_wconf 89' lang='lat' dir='ltr'>nomen.</span> <span class='ocrx_word' id='word_1_41' title='bbox 1442 338 1535 377; x_wconf 75' lang='lat' dir='ltr'>Haec</span> <span class='ocrx_word' id='word_1_42' title='bbox 1543 343 1748 377; x_wconf 85' lang='lat' dir='ltr'>nominum</span> <span class='ocrx_word' id='word_1_43' title='bbox 1757 352 1837 378; x_wconf 88' lang='lat' dir='ltr'>am—</span> 
     </span>
     <span class='ocr_line' id='line_1_10' title="bbox 104 387 1835 448; baseline 0.002 -17"><span class='ocrx_word' id='word_1_44' title='bbox 104 387 513 448; x_wconf 85' lang='lat' dir='ltr'>biguorumfimilitudo</span> <span class='ocrx_word' id='word_1_45' title='bbox 523 388 752 429; x_wconf 72' lang='lat' dir='ltr'>Annibalem</span> <span class='ocrx_word' id='word_1_46' title='bbox 767 389 893 443; x_wconf 86' lang='lat' dir='ltr'>postea</span> <span class='ocrx_word' id='word_1_47' title='bbox 904 389 1254 444; x_wconf 83' lang='lat' dir='ltr'>Carthaginensem,</span> <span class='ocrx_word' id='word_1_48' title='bbox 1264 396 1304 430; x_wconf 70' lang='grc' dir='ltr'>δε</span> <span class='ocrx_word' id='word_1_49' title='bbox 1321 393 1564 434; x_wconf 84' lang='lat' dir='ltr'>Athenienses</span> <span class='ocrx_word' id='word_1_50' title='bbox 1581 408 1687 434; x_wconf 85' lang='lat' dir='ltr'>antea</span> <span class='ocrx_word' id='word_1_51' title='bbox 1696 395 1835 435; x_wconf 84' lang='lat' dir='ltr'>fefellit.</span> 
     </span>
     <span class='ocr_line' id='line_1_11' title="bbox 103 444 1838 506; baseline 0.002 -18"><span class='ocrx_word' id='word_1_52' title='bbox 103 446 281 488; x_wconf 73' lang='lat' dir='ltr'>Amiibali</span> <span class='ocrx_word' id='word_1_53' title='bbox 298 444 456 500; x_wconf 88' lang='lat' dir='ltr'>quidem</span> <span class='ocrx_word' id='word_1_54' title='bbox 464 446 658 485; x_wconf 80' lang='lat' dir='ltr'>oraculum</span> <span class='ocrx_word' id='word_1_55' title='bbox 666 444 855 486; x_wconf 88' lang='lat' dir='ltr'>redditum</span> <span class='ocrx_word' id='word_1_56' title='bbox 862 445 981 485; x_wconf 87' lang='lat' dir='ltr'>fuerat</span> <span class='ocrx_word' id='word_1_57' title='bbox 989 460 1033 485; x_wconf 90' lang='lat' dir='ltr'>ex</span> <span class='ocrx_word' id='word_1_58' title='bbox 1041 447 1246 486; x_wconf 79' lang='lat' dir='ltr'>Ammonis</span> <span class='ocrx_word' id='word_1_59' title='bbox 1254 446 1344 487; x_wconf 87' lang='lat' dir='ltr'>fano</span> <span class='ocrx_word' id='word_1_60' title='bbox 1353 480 1362 496; x_wconf 89' lang='lat'>,</span> <span class='ocrx_word' id='word_1_61' title='bbox 1373 448 1454 488; x_wconf 88' lang='lat' dir='ltr'>fore</span> <span class='ocrx_word' id='word_1_62' title='bbox 1463 463 1502 489; x_wconf 89' lang='lat' dir='ltr'>vt</span> <span class='ocrx_word' id='word_1_63' title='bbox 1516 461 1684 490; x_wconf 88' lang='lat' dir='ltr'>mortuus</span> <span class='ocrx_word' id='word_1_64' title='bbox 1695 449 1838 506; x_wconf 79' lang='lat' dir='ltr'>Libyssa</span> 
     </span>
     <span class='ocr_line' id='line_1_12' title="bbox 104 500 1837 562; baseline 0.002 -19"><span class='ocrx_word' id='word_1_65' title='bbox 104 505 225 544; x_wconf 90' lang='lat' dir='ltr'>humo</span> <span class='ocrx_word' id='word_1_66' title='bbox 233 515 621 557; x_wconf 84' lang='lat' dir='ltr'>contegeretur.quare</span> <span class='ocrx_word' id='word_1_67' title='bbox 629 505 668 540; x_wconf 91' lang='lat' dir='ltr'>in</span> <span class='ocrx_word' id='word_1_68' title='bbox 676 501 776 556; x_wconf 86' lang='lat' dir='ltr'>spem</span> <span class='ocrx_word' id='word_1_69' title='bbox 783 514 947 550; x_wconf 88' lang='lat' dir='ltr'>venerat,</span> <span class='ocrx_word' id='word_1_70' title='bbox 956 500 1080 542; x_wconf 88' lang='lat' dir='ltr'>deleto</span> <span class='ocrx_word' id='word_1_71' title='bbox 1095 503 1362 543; x_wconf 90' lang='lat' dir='ltr'>Romanorum</span> <span class='ocrx_word' id='word_1_72' title='bbox 1372 509 1529 559; x_wconf 90' lang='lat' dir='ltr'>imperio</span> <span class='ocrx_word' id='word_1_73' title='bbox 1538 537 1548 555; x_wconf 95' lang='lat'>,</span> <span class='ocrx_word' id='word_1_74' title='bbox 1558 511 1597 545; x_wconf 87' lang='lat' dir='ltr'>in</span> <span class='ocrx_word' id='word_1_75' title='bbox 1605 511 1718 560; x_wconf 87' lang='lat' dir='ltr'>patria</span> <span class='ocrx_word' id='word_1_76' title='bbox 1727 507 1760 548; x_wconf 90' lang='lat' dir='ltr'>se</span> <span class='ocrx_word' id='word_1_77' title='bbox 1767 523 1837 562; x_wconf 88' lang='lat' dir='ltr'>po·-</span> 
     </span>
     <span class='ocr_line' id='line_1_13' title="bbox 103 556 1838 617; baseline 0.002 -18"><span class='ocrx_word' id='word_1_78' title='bbox 103 559 285 600; x_wconf 88' lang='lat' dir='ltr'>stremum</span> <span class='ocrx_word' id='word_1_79' title='bbox 293 561 375 598; x_wconf 84' lang='lat' dir='ltr'>vitae</span> <span class='ocrx_word' id='word_1_80' title='bbox 384 556 488 598; x_wconf 90' lang='lat' dir='ltr'>diem</span> <span class='ocrx_word' id='word_1_81' title='bbox 496 559 620 598; x_wconf 66' lang='lat' dir='ltr'>exacta</span> <span class='ocrx_word' id='word_1_82' title='bbox 627 561 703 597; x_wconf 87' lang='lat' dir='ltr'>iam</span> <span class='ocrx_word' id='word_1_83' title='bbox 712 571 816 598; x_wconf 70' lang='lat' dir='ltr'>aetate</span> <span class='ocrx_word' id='word_1_84' title='bbox 830 557 1053 598; x_wconf 83' lang='lat' dir='ltr'>clausurum.</span> <span class='ocrx_word' id='word_1_85' title='bbox 1065 559 1219 599; x_wconf 87' lang='lat' dir='ltr'>Atenim</span> <span class='ocrx_word' id='word_1_86' title='bbox 1230 558 1319 599; x_wconf 72' lang='lat' dir='ltr'>cum</span> <span class='ocrx_word' id='word_1_87' title='bbox 1333 561 1533 602; x_wconf 86' lang='lat' dir='ltr'>Flaminius</span> <span class='ocrx_word' id='word_1_88' title='bbox 1540 563 1646 602; x_wconf 84' lang='lat' dir='ltr'>illum</span> <span class='ocrx_word' id='word_1_89' title='bbox 1659 563 1838 617; x_wconf 81' lang='lat' dir='ltr'>exfoedere</span> 
     </span>
     <span class='ocr_line' id='line_1_14' title="bbox 102 613 1836 674; baseline 0.002 -18"><span class='ocrx_word' id='word_1_90' title='bbox 102 620 234 656; x_wconf 87' lang='lat' dir='ltr'>viuum</span> <span class='ocrx_word' id='word_1_91' title='bbox 242 613 307 654; x_wconf 84' lang='lat' dir='ltr'>fibi</span> <span class='ocrx_word' id='word_1_92' title='bbox 315 613 400 655; x_wconf 82' lang='lat' dir='ltr'>dedi</span> <span class='ocrx_word' id='word_1_93' title='bbox 409 613 617 669; x_wconf 78' lang='lat' dir='ltr'>postulasset</span> <span class='ocrx_word' id='word_1_94' title='bbox 624 645 635 663; x_wconf 88' lang='lat'>,</span> <span class='ocrx_word' id='word_1_95' title='bbox 645 614 665 653; x_wconf 70' lang='lat' dir='ltr'>a</span> <span class='ocrx_word' id='word_1_96' title='bbox 673 614 795 654; x_wconf 84' lang='lat' dir='ltr'>Prufia</span> <span class='ocrx_word' id='word_1_97' title='bbox 809 613 967 668; x_wconf 82' lang='lat' dir='ltr'>Btthyniae</span> <span class='ocrx_word' id='word_1_98' title='bbox 974 629 1048 669; x_wconf 83' lang='lat' dir='ltr'>rege</span> <span class='ocrx_word' id='word_1_99' title='bbox 1059 645 1070 663; x_wconf 84' lang='lat'>,</span> <span class='ocrx_word' id='word_1_100' title='bbox 1079 614 1125 655; x_wconf 90' lang='lat' dir='ltr'>ad</span> <span class='ocrx_word' id='word_1_101' title='bbox 1134 630 1251 670; x_wconf 86' lang='lat' dir='ltr'>quem</span> <span class='ocrx_word' id='word_1_102' title='bbox 1264 616 1414 672; x_wconf 86' lang='lat' dir='ltr'>supplex</span> <span class='ocrx_word' id='word_1_103' title='bbox 1427 618 1658 674; x_wconf 79' lang='lat' dir='ltr'>confugerat,</span> <span class='ocrx_word' id='word_1_104' title='bbox 1670 621 1836 670; x_wconf 62' lang='lat' dir='ltr'>reiectus,</span> 
     </span>
     <span class='ocr_line' id='line_1_15' title="bbox 97 669 1836 728; baseline 0.002 -15"><span class='ocrx_word' id='word_1_105' title='bbox 97 670 188 713; x_wconf 70' lang='lat' dir='ltr'>cum</span> <span class='ocrx_word' id='word_1_106' title='bbox 195 674 235 710; x_wconf 90' lang='lat' dir='ltr'>in</span> <span class='ocrx_word' id='word_1_107' title='bbox 242 685 386 727; x_wconf 89' lang='lat' dir='ltr'>equum</span> <span class='ocrx_word' id='word_1_108' title='bbox 394 669 614 718; x_wconf 82' lang='lat' dir='ltr'>ascenderet,</span> <span class='ocrx_word' id='word_1_109' title='bbox 622 674 741 724; x_wconf 89' lang='lat' dir='ltr'>sponte</span> <span class='ocrx_word' id='word_1_110' title='bbox 751 670 835 711; x_wconf 90' lang='lat' dir='ltr'>ense</span> <span class='ocrx_word' id='word_1_111' title='bbox 842 671 984 711; x_wconf 89' lang='lat' dir='ltr'>nudato</span> <span class='ocrx_word' id='word_1_112' title='bbox 995 670 1154 727; x_wconf 86' lang='lat' dir='ltr'>digitum</span> <span class='ocrx_word' id='word_1_113' title='bbox 1161 672 1373 728; x_wconf 77' lang='lat' dir='ltr'>laefitzatque</span> <span class='ocrx_word' id='word_1_114' title='bbox 1380 674 1469 715; x_wconf 90' lang='lat' dir='ltr'>inde</span> <span class='ocrx_word' id='word_1_115' title='bbox 1477 689 1558 715; x_wconf 90' lang='lat' dir='ltr'>non</span> <span class='ocrx_word' id='word_1_116' title='bbox 1566 677 1773 716; x_wconf 89' lang='lat' dir='ltr'>multorum</span> <span class='ocrx_word' id='word_1_117' title='bbox 1783 677 1836 717; x_wconf 89' lang='lat' dir='ltr'>sa-</span> 
     </span>
     <span class='ocr_line' id='line_1_16' title="bbox 96 725 1822 784; baseline 0.002 -15"><span class='ocrx_word' id='word_1_118' title='bbox 96 729 146 769; x_wconf 70' lang='lat' dir='ltr'>ne</span> <span class='ocrx_word' id='word_1_119' title='bbox 153 725 493 768; x_wconf 85' lang='lat' dir='ltr'>stadiorumitinere</span> <span class='ocrx_word' id='word_1_120' title='bbox 501 727 676 767; x_wconf 60' lang='lat' dir='ltr'>confecto</span> <span class='ocrx_word' id='word_1_121' title='bbox 685 759 695 776; x_wconf 91' lang='lat'>,</span> <span class='ocrx_word' id='word_1_122' title='bbox 704 726 793 768; x_wconf 76' lang='lat' dir='ltr'>cum</span> <span class='ocrx_word' id='word_1_123' title='bbox 801 731 876 767; x_wconf 83' lang='lat' dir='ltr'>eius</span> <span class='ocrx_word' id='word_1_124' title='bbox 885 728 1044 768; x_wconf 80' lang='lat' dir='ltr'>vulneris</span> <span class='ocrx_word' id='word_1_125' title='bbox 1059 728 1366 778; x_wconf 78' lang='lat' dir='ltr'>inflammationem</span> <span class='ocrx_word' id='word_1_126' title='bbox 1380 730 1491 772; x_wconf 88' lang='lat' dir='ltr'>febris</span> <span class='ocrx_word' id='word_1_127' title='bbox 1506 730 1592 772; x_wconf 83' lang='lat' dir='ltr'>effet</span> <span class='ocrx_word' id='word_1_128' title='bbox 1606 733 1802 774; x_wconf 89' lang='lat' dir='ltr'>consecuta</span> <span class='ocrx_word' id='word_1_129' title='bbox 1810 764 1822 784; x_wconf 86' lang='lat'>,</span> 
     </span>
    </p>

    <p class='ocr_par' dir='ltr' id='par_1_8' title="bbox 93 783 1834 1746">
     <span class='ocr_line' id='line_1_17' title="bbox 99 783 1834 843; baseline 0.002 -17"><span class='ocrx_word' id='word_1_130' title='bbox 99 787 207 826; x_wconf 87' lang='lat' dir='ltr'>tertio</span> <span class='ocrx_word' id='word_1_131' title='bbox 219 783 301 839; x_wconf 75' lang='lat' dir='ltr'>post</span> <span class='ocrx_word' id='word_1_132' title='bbox 309 783 369 825; x_wconf 87' lang='lat' dir='ltr'>die</span> <span class='ocrx_word' id='word_1_133' title='bbox 377 787 520 823; x_wconf 87' lang='lat' dir='ltr'>interiit.</span> <span class='ocrx_word' id='word_1_134' title='bbox 534 785 672 823; x_wconf 88' lang='lat' dir='ltr'>oraculi</span> <span class='ocrx_word' id='word_1_135' title='bbox 681 788 806 839; x_wconf 87' lang='lat' dir='ltr'>itaque</span> <span class='ocrx_word' id='word_1_136' title='bbox 813 798 951 824; x_wconf 91' lang='lat' dir='ltr'>vocem</span> <span class='ocrx_word' id='word_1_137' title='bbox 954 785 1081 837; x_wconf 78' lang='lat' dir='ltr'>fhtalis</span> <span class='ocrx_word' id='word_1_138' title='bbox 1087 789 1158 825; x_wconf 90' lang='lat' dir='ltr'>vici</span> <span class='ocrx_word' id='word_1_139' title='bbox 1173 800 1319 826; x_wconf 88' lang='lat' dir='ltr'>nomen</span> <span class='ocrx_word' id='word_1_140' title='bbox 1332 789 1517 842; x_wconf 88' lang='lat' dir='ltr'>impleuit.</span> <span class='ocrx_word' id='word_1_141' title='bbox 1528 788 1714 843; x_wconf 84' lang='lat' dir='ltr'>Libyffam</span> <span class='ocrx_word' id='word_1_142' title='bbox 1731 795 1834 830; x_wconf 90' lang='lat' dir='ltr'>enim</span> 
     </span>
     <span class='ocr_line' id='line_1_18' title="bbox 99 839 1833 897; baseline 0.002 -14"><span class='ocrx_word' id='word_1_143' title='bbox 99 840 396 883; x_wconf 86' lang='lat' dir='ltr'>Nicomedenses</span> <span class='ocrx_word' id='word_1_144' title='bbox 404 839 645 895; x_wconf 86' lang='lat' dir='ltr'>appellabant.</span> <span class='ocrx_word' id='word_1_145' title='bbox 650 840 934 880; x_wconf 85' lang='lat' dir='ltr'>Atheniensibus</span> <span class='ocrx_word' id='word_1_146' title='bbox 943 843 1055 881; x_wconf 87' lang='lat' dir='ltr'>etiam</span> <span class='ocrx_word' id='word_1_147' title='bbox 1068 841 1282 897; x_wconf 85' lang='lat' dir='ltr'>responsum</span> <span class='ocrx_word' id='word_1_148' title='bbox 1291 843 1310 883; x_wconf 80' lang='lat' dir='ltr'>e</span> <span class='ocrx_word' id='word_1_149' title='bbox 1319 843 1491 885; x_wconf 91' lang='lat' dir='ltr'>Dodona</span> <span class='ocrx_word' id='word_1_150' title='bbox 1501 844 1690 885; x_wconf 85' lang='lat' dir='ltr'>redditum</span> <span class='ocrx_word' id='word_1_151' title='bbox 1702 846 1833 896; x_wconf 71' lang='lat' dir='ltr'>fluerat,</span> 
     </span>
     <span class='ocr_line' id='line_1_19' title="bbox 102 894 1834 957; baseline 0.003 -19"><span class='ocrx_word' id='word_1_152' title='bbox 102 899 112 915; x_wconf 84' lang='lat'><em>¹</em></span> <span class='ocrx_word' id='word_1_153' title='bbox 128 899 293 939; x_wconf 86' lang='lat' dir='ltr'>Siciliam</span> <span class='ocrx_word' id='word_1_154' title='bbox 307 897 498 938; x_wconf 88' lang='lat' dir='ltr'>coloniam</span> <span class='ocrx_word' id='word_1_155' title='bbox 506 894 769 937; x_wconf 88' lang='lat' dir='ltr'>deducendam</span> <span class='ocrx_word' id='word_1_156' title='bbox 779 927 786 935; x_wconf 95' lang='lat'><em>.</em></span> <span class='ocrx_word' id='word_1_157' title='bbox 796 897 890 936; x_wconf 92' lang='lat' dir='ltr'>Non</span> <span class='ocrx_word' id='word_1_158' title='bbox 897 898 1010 952; x_wconf 76' lang='lat' dir='ltr'>longe</span> <span class='ocrx_word' id='word_1_159' title='bbox 1019 898 1065 938; x_wconf 91' lang='lat' dir='ltr'>ab</span> <span class='ocrx_word' id='word_1_160' title='bbox 1073 898 1164 939; x_wconf 87' lang='lat' dir='ltr'>vrbe</span> <span class='ocrx_word' id='word_1_161' title='bbox 1173 897 1297 939; x_wconf 88' lang='lat' dir='ltr'>aberat</span> <span class='ocrx_word' id='word_1_162' title='bbox 1304 913 1407 940; x_wconf 87' lang='lat' dir='ltr'>terrae</span> <span class='ocrx_word' id='word_1_163' title='bbox 1422 915 1502 941; x_wconf 91' lang='lat' dir='ltr'>non</span> <span class='ocrx_word' id='word_1_164' title='bbox 1510 900 1594 941; x_wconf 72' lang='lat' dir='ltr'>sane</span> <span class='ocrx_word' id='word_1_165' title='bbox 1602 916 1760 957; x_wconf 88' lang='lat' dir='ltr'>magnus</span> <span class='ocrx_word' id='word_1_166' title='bbox 1775 917 1834 943; x_wconf 91' lang='lat' dir='ltr'>tu-</span> 
     </span>
     <span class='ocr_line' id='line_1_20' title="bbox 97 954 1834 1005; baseline 0.003 -10"><span class='ocrx_word' id='word_1_167' title='bbox 97 954 233 1003; x_wconf 85' lang='lat' dir='ltr'>mulus,</span> <span class='ocrx_word' id='word_1_168' title='bbox 246 959 305 994; x_wconf 87' lang='lat' dir='ltr'>cui</span> <span class='ocrx_word' id='word_1_169' title='bbox 315 955 444 994; x_wconf 84' lang='lat' dir='ltr'>Siciliae</span> <span class='ocrx_word' id='word_1_170' title='bbox 453 967 607 993; x_wconf 88' lang='lat' dir='ltr'>nomen:</span> <span class='ocrx_word' id='word_1_171' title='bbox 621 966 656 993; x_wconf 90' lang='lat' dir='ltr'>at</span> <span class='ocrx_word' id='word_1_172' title='bbox 667 954 719 992; x_wconf 91' lang='lat' dir='ltr'>illi</span> <span class='ocrx_word' id='word_1_173' title='bbox 728 954 866 993; x_wconf 87' lang='lat' dir='ltr'>oraculi</span> <span class='ocrx_word' id='word_1_174' title='bbox 880 969 1018 994; x_wconf 88' lang='lat' dir='ltr'>vocem</span> <span class='ocrx_word' id='word_1_175' title='bbox 1026 954 1097 994; x_wconf 71' lang='lat' dir='ltr'>alio</span> <span class='ocrx_word' id='word_1_176' title='bbox 1112 954 1296 996; x_wconf 85' lang='lat' dir='ltr'>trahentes</span> <span class='ocrx_word' id='word_1_177' title='bbox 1305 988 1315 1005; x_wconf 89' lang='lat'>,</span> <span class='ocrx_word' id='word_1_178' title='bbox 1324 971 1425 997; x_wconf 85' lang='lat' dir='ltr'>extra</span> <span class='ocrx_word' id='word_1_179' title='bbox 1442 956 1533 997; x_wconf 86' lang='lat' dir='ltr'>fines</span> <span class='ocrx_word' id='word_1_180' title='bbox 1543 956 1682 998; x_wconf 87' lang='lat' dir='ltr'>bellum</span> <span class='ocrx_word' id='word_1_181' title='bbox 1698 960 1834 1000; x_wconf 88' lang='lat' dir='ltr'>inferre</span> 
     </span>
     <span class='ocr_line' id='line_1_21' title="bbox 95 1009 1834 1067; baseline 0.002 -15"><span class='ocrx_word' id='word_1_182' title='bbox 95 1011 182 1060; x_wconf 79' lang='lat' dir='ltr'>aufi,</span> <span class='ocrx_word' id='word_1_183' title='bbox 192 1010 291 1067; x_wconf 90' lang='lat' dir='ltr'>apud</span> <span class='ocrx_word' id='word_1_184' title='bbox 300 1009 485 1066; x_wconf 84' lang='lat' dir='ltr'>Syracusas</span> <span class='ocrx_word' id='word_1_185' title='bbox 492 1024 617 1065; x_wconf 82' lang='lat' dir='ltr'>magna</span> <span class='ocrx_word' id='word_1_186' title='bbox 626 1010 717 1049; x_wconf 85' lang='lat' dir='ltr'>clade</span> <span class='ocrx_word' id='word_1_187' title='bbox 724 1013 952 1049; x_wconf 81' lang='lat' dir='ltr'>temeritatem</span> <span class='ocrx_word' id='word_1_188' title='bbox 956 1011 1051 1062; x_wconf 80' lang='lat' dir='ltr'>[uam</span> <span class='ocrx_word' id='word_1_189' title='bbox 1058 1010 1185 1051; x_wconf 51' lang='lat' dir='ltr'>lueffres</span> <span class='ocrx_word' id='word_1_190' title='bbox 1188 1011 1236 1052; x_wconf 88' lang='lat' dir='ltr'>ed</span> <span class='ocrx_word' id='word_1_191' title='bbox 1249 1013 1437 1067; x_wconf 72' lang='lat' dir='ltr'>persimilis</span> <span class='ocrx_word' id='word_1_192' title='bbox 1445 1018 1624 1054; x_wconf 81' lang='lat' dir='ltr'>errationis</span> <span class='ocrx_word' id='word_1_193' title='bbox 1631 1017 1747 1056; x_wconf 89' lang='lat' dir='ltr'>multa</span> <span class='ocrx_word' id='word_1_194' title='bbox 1755 1015 1834 1056; x_wconf 87' lang='lat' dir='ltr'>col-</span> 
     </span>
     <span class='ocr_line' id='line_1_22' title="bbox 98 1065 1832 1124; baseline 0.003 -17"><span class='ocrx_word' id='word_1_195' title='bbox 98 1070 159 1124; x_wconf 82' lang='lat' dir='ltr'>ligi</span> <span class='ocrx_word' id='word_1_196' title='bbox 169 1067 303 1124; x_wconf 84' lang='lat' dir='ltr'>poffint</span> <span class='ocrx_word' id='word_1_197' title='bbox 310 1068 480 1121; x_wconf 89' lang='lat' dir='ltr'>exempla</span> <span class='ocrx_word' id='word_1_198' title='bbox 486 1065 527 1105; x_wconf 89' lang='lat' dir='ltr'>ab</span> <span class='ocrx_word' id='word_1_199' title='bbox 534 1070 576 1105; x_wconf 75' lang='lat' dir='ltr'>iis</span> <span class='ocrx_word' id='word_1_200' title='bbox 584 1065 705 1121; x_wconf 81' lang='lat' dir='ltr'>quibus</span> <span class='ocrx_word' id='word_1_201' title='bbox 712 1066 773 1106; x_wconf 85' lang='lat' dir='ltr'>hoc</span> <span class='ocrx_word' id='word_1_202' title='bbox 775 1066 935 1122; x_wconf 52' lang='lat' dir='ltr'>praecipug‘</span> <span class='ocrx_word' id='word_1_203' title='bbox 931 1068 1046 1118; x_wconf 82' lang='lat' dir='ltr'>fuerit</span> <span class='ocrx_word' id='word_1_204' title='bbox 1055 1083 1148 1107; x_wconf 83' lang='lat' dir='ltr'>curae:</span> <span class='ocrx_word' id='word_1_205' title='bbox 1161 1082 1219 1107; x_wconf 88' lang='lat' dir='ltr'>nos</span> <span class='ocrx_word' id='word_1_206' title='bbox 1224 1070 1271 1107; x_wconf 85' lang='lat' dir='ltr'>ad</span> <span class='ocrx_word' id='word_1_207' title='bbox 1273 1069 1467 1120; x_wconf 73' lang='lat' dir='ltr'>institutum</span> <span class='ocrx_word' id='word_1_208' title='bbox 1473 1072 1657 1111; x_wconf 77' lang='lat' dir='ltr'>redeamus.</span> <span class='ocrx_word' id='word_1_209' title='bbox 1715 1073 1777 1112; x_wconf 93' lang='lat' dir='ltr'>Ab</span> <span class='ocrx_word' id='word_1_210' title='bbox 1784 1074 1832 1112; x_wconf 87' lang='lat' dir='ltr'>E-</span> 
     </span>
     <span class='ocr_line' id='line_1_23' title="bbox 98 1123 1830 1184; baseline 0.003 -21"><span class='ocrx_word' id='word_1_211' title='bbox 98 1123 340 1180; x_wconf 77' lang='lat' dir='ltr'>paminondae</span> <span class='ocrx_word' id='word_1_212' title='bbox 347 1123 510 1178; x_wconf 89' lang='lat' dir='ltr'>sepulcro</span> <span class='ocrx_word' id='word_1_213' title='bbox 519 1123 619 1163; x_wconf 87' lang='lat' dir='ltr'>haud</span> <span class='ocrx_word' id='word_1_214' title='bbox 633 1124 790 1178; x_wconf 86' lang='lat' dir='ltr'>amplius</span> <span class='ocrx_word' id='word_1_215' title='bbox 798 1138 875 1163; x_wconf 84' lang='lat' dir='ltr'>vno</span> <span class='ocrx_word' id='word_1_216' title='bbox 885 1123 1000 1164; x_wconf 88' lang='lat' dir='ltr'>stadio</span> <span class='ocrx_word' id='word_1_217' title='bbox 1009 1123 1115 1164; x_wconf 85' lang='lat' dir='ltr'>distat</span> <span class='ocrx_word' id='word_1_218' title='bbox 1122 1125 1219 1164; x_wconf 83' lang='lat' dir='ltr'>Iouis</span> <span class='ocrx_word' id='word_1_219' title='bbox 1234 1127 1430 1181; x_wconf 85' lang='lat' dir='ltr'>ternplum,</span> <span class='ocrx_word' id='word_1_220' title='bbox 1447 1128 1675 1168; x_wconf 85' lang='lat' dir='ltr'>Charmonis</span> <span class='ocrx_word' id='word_1_221' title='bbox 1685 1144 1830 1184; x_wconf 89' lang='lat' dir='ltr'>cogno-</span> 
     </span>
     <span class='ocr_line' id='line_1_24' title="bbox 97 1179 1830 1237; baseline 0.002 -16"><span class='ocrx_word' id='word_1_222' title='bbox 97 1185 213 1221; x_wconf 89' lang='lat' dir='ltr'>mine.</span> <span class='ocrx_word' id='word_1_223' title='bbox 272 1182 316 1219; x_wconf 91' lang='lat' dir='ltr'>In</span> <span class='ocrx_word' id='word_1_224' title='bbox 324 1179 517 1220; x_wconf 86' lang='lat' dir='ltr'>Arcadum</span> <span class='ocrx_word' id='word_1_225' title='bbox 525 1179 667 1220; x_wconf 88' lang='lat' dir='ltr'>saltibus</span> <span class='ocrx_word' id='word_1_226' title='bbox 682 1194 839 1235; x_wconf 85' lang='lat' dir='ltr'>quercus</span> <span class='ocrx_word' id='word_1_227' title='bbox 848 1180 1089 1220; x_wconf 86' lang='lat' dir='ltr'>diuersainter</span> <span class='ocrx_word' id='word_1_228' title='bbox 1097 1180 1255 1234; x_wconf 86' lang='lat' dir='ltr'>seforma</span> <span class='ocrx_word' id='word_1_229' title='bbox 1263 1182 1486 1222; x_wconf 58' lang='lat' dir='ltr'>summarum</span> <span class='ocrx_word' id='word_1_230' title='bbox 1502 1185 1584 1224; x_wconf 85' lang='lat' dir='ltr'>alias</span> <span class='ocrx_word' id='word_1_231' title='bbox 1594 1185 1613 1222; x_wconf 74' lang='lat' dir='ltr'>d</span> <span class='ocrx_word' id='word_1_232' title='bbox 1622 1185 1739 1224; x_wconf 76' lang='lat' dir='ltr'>latiore</span> <span class='ocrx_word' id='word_1_233' title='bbox 1746 1187 1830 1237; x_wconf 78' lang='lat' dir='ltr'>fhlio</span> 
     </span>
     <span class='ocr_line' id='line_1_25' title="bbox 97 1236 1828 1294; baseline 0.003 -17"><span class='ocrx_word' id='word_1_234' title='bbox 97 1237 436 1294; x_wconf 76' lang='lat' dir='ltr'>platypliy11053alias</span> <span class='ocrx_word' id='word_1_235' title='bbox 449 1236 553 1292; x_wconf 85' lang='lat' dir='ltr'>fagos</span> <span class='ocrx_word' id='word_1_236' title='bbox 560 1250 788 1291; x_wconf 85' lang='lat' dir='ltr'>nuncupant.</span> <span class='ocrx_word' id='word_1_237' title='bbox 804 1236 976 1276; x_wconf 89' lang='lat' dir='ltr'>Tertium</span> <span class='ocrx_word' id='word_1_238' title='bbox 985 1237 1037 1276; x_wconf 90' lang='lat' dir='ltr'>est</span> <span class='ocrx_word' id='word_1_239' title='bbox 1047 1251 1162 1292; x_wconf 88' lang='lat' dir='ltr'>genus</span> <span class='ocrx_word' id='word_1_240' title='bbox 1170 1251 1248 1276; x_wconf 89' lang='lat' dir='ltr'>tam</span> <span class='ocrx_word' id='word_1_241' title='bbox 1260 1239 1272 1253; x_wconf 79' lang='lat'>²</span> <span class='ocrx_word' id='word_1_242' title='bbox 1288 1253 1430 1279; x_wconf 83' lang='lat' dir='ltr'>exucco</span> <span class='ocrx_word' id='word_1_243' title='bbox 1439 1245 1479 1278; x_wconf 84' lang='lat'><strong>&amp;</strong></span> <span class='ocrx_word' id='word_1_244' title='bbox 1486 1242 1558 1280; x_wconf 85' lang='lat' dir='ltr'>leui</span> <span class='ocrx_word' id='word_1_245' title='bbox 1574 1246 1722 1290; x_wconf 81' lang='lat' dir='ltr'>cortice,</span> <span class='ocrx_word' id='word_1_246' title='bbox 1735 1257 1774 1282; x_wconf 87' lang='lat' dir='ltr'>vt</span> <span class='ocrx_word' id='word_1_247' title='bbox 1783 1258 1828 1283; x_wconf 84' lang='lat' dir='ltr'>ex</span> 
     </span>
     <span class='ocr_line' id='line_1_26' title="bbox 98 1292 1829 1351; baseline 0.001 -15"><span class='ocrx_word' id='word_1_248' title='bbox 98 1311 145 1336; x_wconf 88' lang='lat' dir='ltr'>eo</span> <span class='ocrx_word' id='word_1_249' title='bbox 161 1294 411 1334; x_wconf 85' lang='lat' dir='ltr'>anchorarum</span> <span class='ocrx_word' id='word_1_250' title='bbox 418 1296 458 1332; x_wconf 89' lang='lat' dir='ltr'>in</span> <span class='ocrx_word' id='word_1_251' title='bbox 465 1297 557 1333; x_wconf 88' lang='lat' dir='ltr'>mari</span> <span class='ocrx_word' id='word_1_252' title='bbox 565 1293 704 1334; x_wconf 87' lang='lat' dir='ltr'>indices</span> <span class='ocrx_word' id='word_1_253' title='bbox 712 1325 722 1341; x_wconf 89' lang='lat'>,</span> <span class='ocrx_word' id='word_1_254' title='bbox 734 1298 774 1332; x_wconf 70' lang='grc' dir='ltr'>δε</span> <span class='ocrx_word' id='word_1_255' title='bbox 790 1294 797 1315; x_wconf 79' lang='lat'><em>³</em></span> <span class='ocrx_word' id='word_1_256' title='bbox 815 1292 1017 1332; x_wconf 88' lang='lat' dir='ltr'>fundarum</span> <span class='ocrx_word' id='word_1_257' title='bbox 1031 1293 1175 1333; x_wconf 85' lang='lat' dir='ltr'>faciant.</span> <span class='ocrx_word' id='word_1_258' title='bbox 1187 1308 1293 1348; x_wconf 81' lang='lat' dir='ltr'>quare</span> <span class='ocrx_word' id='word_1_259' title='bbox 1305 1296 1465 1338; x_wconf 65' lang='lat' dir='ltr'>&amp;Iones</span> <span class='ocrx_word' id='word_1_260' title='bbox 1481 1298 1658 1351; x_wconf 83' lang='lat' dir='ltr'>reliqui&amp;</span> <span class='ocrx_word' id='word_1_261' title='bbox 1667 1299 1829 1339; x_wconf 86' lang='lat' dir='ltr'>Herme-</span> 
     </span>
     <span class='ocr_line' id='line_1_27' title="bbox 96 1348 1828 1406; baseline 0.002 -15"><span class='ocrx_word' id='word_1_262' title='bbox 96 1351 219 1392; x_wconf 86' lang='lat' dir='ltr'>fianax</span> <span class='ocrx_word' id='word_1_263' title='bbox 225 1351 419 1406; x_wconf 87' lang='lat' dir='ltr'>elegorum</span> <span class='ocrx_word' id='word_1_264' title='bbox 426 1357 547 1405; x_wconf 83' lang='lat' dir='ltr'>poe&#39;ta,</span> <span class='ocrx_word' id='word_1_265' title='bbox 555 1348 975 1405; x_wconf 70' lang='lat' dir='ltr'>phellon(idest&#39;suberem)</span> <span class='ocrx_word' id='word_1_266' title='bbox 989 1364 1078 1390; x_wconf 89' lang='lat' dir='ltr'>eum</span> <span class='ocrx_word' id='word_1_267' title='bbox 1084 1350 1203 1404; x_wconf 86' lang='lat' dir='ltr'>ipsum</span> <span class='ocrx_word' id='word_1_268' title='bbox 1211 1355 1392 1391; x_wconf 89' lang='lat' dir='ltr'>corticem</span> <span class='ocrx_word' id='word_1_269' title='bbox 1400 1356 1611 1392; x_wconf 85' lang='lat' dir='ltr'>nominant.</span> <span class='ocrx_word' id='word_1_270' title='bbox 1671 1354 1733 1394; x_wconf 80' lang='lat' dir='ltr'>Ad</span> <span class='ocrx_word' id='word_1_271' title='bbox 1742 1355 1828 1395; x_wconf 83' lang='lat' dir='ltr'>Me-</span> 
     </span>
     <span class='ocr_line' id='line_1_28' title="bbox 98 1405 1830 1463; baseline 0.002 -15"><span class='ocrx_word' id='word_1_272' title='bbox 98 1406 305 1463; x_wconf 85' lang='lat' dir='ltr'>thydrium,</span> <span class='ocrx_word' id='word_1_273' title='bbox 320 1421 402 1447; x_wconf 91' lang='lat' dir='ltr'>non</span> <span class='ocrx_word' id='word_1_274' title='bbox 416 1407 498 1457; x_wconf 65' lang='lat' dir='ltr'>sant}</span> <span class='ocrx_word' id='word_1_275' title='bbox 513 1405 669 1461; x_wconf 76' lang='lat' dir='ltr'>amplius</span> <span class='ocrx_word' id='word_1_276' title='bbox 678 1406 861 1462; x_wconf 89' lang='lat' dir='ltr'>oppidum</span> <span class='ocrx_word' id='word_1_277' title='bbox 868 1438 879 1455; x_wconf 92' lang='lat'>,</span> <span class='ocrx_word' id='word_1_278' title='bbox 889 1405 949 1446; x_wconf 86' lang='lat' dir='ltr'>sed</span> <span class='ocrx_word' id='word_1_279' title='bbox 961 1410 1086 1447; x_wconf 86' lang='lat' dir='ltr'>vicum</span> <span class='ocrx_word' id='word_1_280' title='bbox 1101 1407 1456 1462; x_wconf 84' lang='lat' dir='ltr'>Megalopolitarum</span> <span class='ocrx_word' id='word_1_281' title='bbox 1471 1408 1620 1450; x_wconf 86' lang='lat' dir='ltr'>ditionis</span> <span class='ocrx_word' id='word_1_282' title='bbox 1628 1443 1638 1459; x_wconf 89' lang='lat'>,</span> <span class='ocrx_word' id='word_1_283' title='bbox 1651 1415 1709 1451; x_wconf 79' lang='lat' dir='ltr'>via</span> <span class='ocrx_word' id='word_1_284' title='bbox 1717 1426 1790 1451; x_wconf 65' lang='lat' dir='ltr'>vna</span> <span class='ocrx_word' id='word_1_285' title='bbox 1808 1413 1830 1452; x_wconf 73' lang='lat' dir='ltr'>e</span> 
     </span>
     <span class='ocr_line' id='line_1_29' title="bbox 96 1461 1830 1519; baseline 0.002 -15"><span class='ocrx_word' id='word_1_286' title='bbox 96 1465 293 1505; x_wconf 85' lang='lat' dir='ltr'>Mantinea</span> <span class='ocrx_word' id='word_1_287' title='bbox 300 1462 477 1519; x_wconf 90' lang='lat' dir='ltr'>perducit.</span> <span class='ocrx_word' id='word_1_288' title='bbox 535 1461 744 1518; x_wconf 85' lang='lat' dir='ltr'>Progreffos</span> <span class='ocrx_word' id='word_1_289' title='bbox 753 1462 866 1502; x_wconf 87' lang='lat' dir='ltr'>stadia</span> <span class='ocrx_word' id='word_1_290' title='bbox 880 1475 979 1510; x_wconf 83' lang='lat' dir='ltr'>xxx,</span> <span class='ocrx_word' id='word_1_291' title='bbox 988 1477 1140 1518; x_wconf 86' lang='lat' dir='ltr'>campus</span> <span class='ocrx_word' id='word_1_292' title='bbox 1149 1467 1293 1518; x_wconf 85' lang='lat' dir='ltr'>excipit,</span> <span class='ocrx_word' id='word_1_293' title='bbox 1310 1468 1368 1504; x_wconf 90' lang='lat' dir='ltr'>cui</span> <span class='ocrx_word' id='word_1_294' title='bbox 1378 1479 1521 1505; x_wconf 89' lang='lat' dir='ltr'>nomen</span> <span class='ocrx_word' id='word_1_295' title='bbox 1531 1466 1830 1508; x_wconf 74' lang='lat' dir='ltr'>Alcimedonzsu-</span> 
     </span>
     <span class='ocr_line' id='line_1_30' title="bbox 96 1519 1829 1578; baseline 0.003 -17"><span class='ocrx_word' id='word_1_296' title='bbox 96 1537 161 1578; x_wconf 86' lang='lat' dir='ltr'>pra</span> <span class='ocrx_word' id='word_1_297' title='bbox 169 1535 286 1577; x_wconf 89' lang='lat' dir='ltr'>quem</span> <span class='ocrx_word' id='word_1_298' title='bbox 293 1535 405 1560; x_wconf 86' lang='lat' dir='ltr'>mons</span> <span class='ocrx_word' id='word_1_299' title='bbox 414 1520 621 1560; x_wconf 88' lang='lat' dir='ltr'>Ostracina:</span> <span class='ocrx_word' id='word_1_300' title='bbox 630 1524 670 1558; x_wconf 89' lang='lat' dir='ltr'>in</span> <span class='ocrx_word' id='word_1_301' title='bbox 678 1534 756 1575; x_wconf 91' lang='lat' dir='ltr'>quo</span> <span class='ocrx_word' id='word_1_302' title='bbox 765 1532 926 1567; x_wconf 85' lang='lat' dir='ltr'>antrum,</span> <span class='ocrx_word' id='word_1_303' title='bbox 935 1519 998 1560; x_wconf 92' lang='lat' dir='ltr'>vbi</span> <span class='ocrx_word' id='word_1_304' title='bbox 1009 1519 1237 1559; x_wconf 89' lang='lat' dir='ltr'>Alcimedon</span> <span class='ocrx_word' id='word_1_305' title='bbox 1246 1520 1432 1561; x_wconf 86' lang='lat' dir='ltr'>habitauit.</span> <span class='ocrx_word' id='word_1_306' title='bbox 1442 1523 1522 1561; x_wconf 84' lang='lat' dir='ltr'>Fuit</span> <span class='ocrx_word' id='word_1_307' title='bbox 1529 1520 1590 1562; x_wconf 93' lang='lat' dir='ltr'>hic</span> <span class='ocrx_word' id='word_1_308' title='bbox 1599 1523 1645 1564; x_wconf 87' lang='lat' dir='ltr'>de</span> <span class='ocrx_word' id='word_1_309' title='bbox 1654 1524 1829 1567; x_wconf 68' lang='lat' dir='ltr'>heroibus-</span> 
     </span>
     <span class='ocr_line' id='line_1_31' title="bbox 94 1575 1828 1636; baseline 0.003 -18"><span class='ocrx_word' id='word_1_310' title='bbox 94 1593 200 1620; x_wconf 88' lang='lat' dir='ltr'>vnus;</span> <span class='ocrx_word' id='word_1_311' title='bbox 211 1581 313 1617; x_wconf 86' lang='lat' dir='ltr'>cuius</span> <span class='ocrx_word' id='word_1_312' title='bbox 320 1576 435 1617; x_wconf 89' lang='lat' dir='ltr'>filiam</span> <span class='ocrx_word' id='word_1_313' title='bbox 442 1580 600 1616; x_wconf 90' lang='lat' dir='ltr'>nomine</span> <span class='ocrx_word' id='word_1_314' title='bbox 609 1576 820 1616; x_wconf 89' lang='lat' dir='ltr'>Phillonem</span> <span class='ocrx_word' id='word_1_315' title='bbox 828 1580 993 1616; x_wconf 86' lang='lat' dir='ltr'>vitiatam</span> <span class='ocrx_word' id='word_1_316' title='bbox 1001 1575 1046 1615; x_wconf 93' lang='lat' dir='ltr'>ab</span> <span class='ocrx_word' id='word_1_317' title='bbox 1055 1576 1218 1630; x_wconf 84' lang='lat' dir='ltr'>Hercule</span> <span class='ocrx_word' id='word_1_318' title='bbox 1226 1576 1375 1632; x_wconf 85' lang='lat' dir='ltr'>Phigalij</span> <span class='ocrx_word' id='word_1_319' title='bbox 1385 1591 1487 1618; x_wconf 88' lang='lat' dir='ltr'>mem</span> <span class='ocrx_word' id='word_1_320' title='bbox 1494 1593 1600 1619; x_wconf 90' lang='lat' dir='ltr'>orant</span> <span class='ocrx_word' id='word_1_321' title='bbox 1610 1597 1617 1619; x_wconf 74' lang='grc' dir='ltr'><strong><em>ι</em></strong></span> <span class='ocrx_word' id='word_1_322' title='bbox 1627 1580 1647 1620; x_wconf 73' lang='lat' dir='ltr'>a</span> <span class='ocrx_word' id='word_1_323' title='bbox 1655 1596 1757 1636; x_wconf 88' lang='lat' dir='ltr'>patre</span> <span class='ocrx_word' id='word_1_324' title='bbox 1765 1598 1828 1623; x_wconf 87' lang='lat' dir='ltr'>ve-</span> 
     </span>
     <span class='ocr_line' id='line_1_32' title="bbox 95 1631 1829 1692; baseline 0.002 -17"><span class='ocrx_word' id='word_1_325' title='bbox 95 1635 139 1675; x_wconf 73' lang='lat' dir='ltr'>rb</span> <span class='ocrx_word' id='word_1_326' title='bbox 147 1635 269 1674; x_wconf 91' lang='lat' dir='ltr'>statim</span> <span class='ocrx_word' id='word_1_327' title='bbox 277 1633 297 1673; x_wconf 72' lang='lat' dir='ltr'>a</span> <span class='ocrx_word' id='word_1_328' title='bbox 304 1637 498 1689; x_wconf 84' lang='lat' dir='ltr'>puerperio</span> <span class='ocrx_word' id='word_1_329' title='bbox 507 1636 546 1672; x_wconf 92' lang='lat' dir='ltr'>in</span> <span class='ocrx_word' id='word_1_330' title='bbox 549 1635 748 1688; x_wconf 80' lang='lat' dir='ltr'>proximum</span> <span class='ocrx_word' id='word_1_331' title='bbox 763 1646 937 1673; x_wconf 87' lang='lat' dir='ltr'>montem</span> <span class='ocrx_word' id='word_1_332' title='bbox 946 1632 1028 1673; x_wconf 86' lang='lat' dir='ltr'>feris</span> <span class='ocrx_word' id='word_1_333' title='bbox 1037 1631 1238 1687; x_wconf 75' lang='lat' dir='ltr'>expolitam</span> <span class='ocrx_word' id='word_1_334' title='bbox 1253 1648 1341 1673; x_wconf 89' lang='lat' dir='ltr'>cum</span> <span class='ocrx_word' id='word_1_335' title='bbox 1348 1648 1475 1688; x_wconf 88' lang='lat' dir='ltr'>puero.</span> <span class='ocrx_word' id='word_1_336' title='bbox 1490 1634 1540 1675; x_wconf 86' lang='lat' dir='ltr'>ibi</span> <span class='ocrx_word' id='word_1_337' title='bbox 1549 1641 1759 1692; x_wconf 85' lang='lat' dir='ltr'>vagientem</span> <span class='ocrx_word' id='word_1_338' title='bbox 1771 1644 1829 1678; x_wconf 90' lang='lat' dir='ltr'>in-</span> 
     </span>
     <span class='ocr_line' id='line_1_33' title="bbox 93 1688 1825 1746; baseline 0.003 -15"><span class='ocrx_word' id='word_1_339' title='bbox 93 1692 238 1731; x_wconf 88' lang='lat' dir='ltr'>fantem</span> <span class='ocrx_word' id='word_1_340' title='bbox 246 1689 335 1731; x_wconf 75' lang='lat' dir='ltr'>cum</span> <span class='ocrx_word' id='word_1_341' title='bbox 342 1694 425 1746; x_wconf 85' lang='lat' dir='ltr'>pica</span> <span class='ocrx_word' id='word_1_342' title='bbox 432 1689 694 1738; x_wconf 88' lang='lat' dir='ltr'>imitaretur,ad</span> <span class='ocrx_word' id='word_1_343' title='bbox 702 1693 777 1730; x_wconf 89' lang='lat' dir='ltr'>auis</span> <span class='ocrx_word' id='word_1_344' title='bbox 784 1688 1042 1745; x_wconf 73' lang='lat' dir='ltr'>voce1n‚quod</span> <span class='ocrx_word' id='word_1_345' title='bbox 1049 1689 1229 1743; x_wconf 89' lang='lat' dir='ltr'>puerilem</span> <span class='ocrx_word' id='word_1_346' title='bbox 1238 1688 1307 1730; x_wconf 87' lang='lat' dir='ltr'>effe</span> <span class='ocrx_word' id='word_1_347' title='bbox 1316 1688 1742 1740; x_wconf 83' lang='lat' dir='ltr'>credidiffet,Herculem</span> <span class='ocrx_word' id='word_1_348' title='bbox 1749 1695 1825 1736; x_wconf 86' lang='lat' dir='ltr'>for-</span> 
     </span>
    </p>

    <p class='ocr_par' dir='ltr' id='par_1_9' title="bbox 95 1745 1823 1809">
     <span class='ocr_line' id='line_1_34' title="bbox 95 1745 1823 1809; baseline 0.003 -21"><span class='ocrx_word' id='word_1_349' title='bbox 95 1749 130 1789; x_wconf 81' lang='lat' dir='ltr'>te</span> <span class='ocrx_word' id='word_1_350' title='bbox 138 1748 220 1789; x_wconf 84' lang='lat' dir='ltr'>illac</span> <span class='ocrx_word' id='word_1_351' title='bbox 227 1751 294 1787; x_wconf 86' lang='lat' dir='ltr'>iter</span> <span class='ocrx_word' id='word_1_352' title='bbox 301 1747 504 1787; x_wconf 87' lang='lat' dir='ltr'>habentem</span> <span class='ocrx_word' id='word_1_353' title='bbox 512 1746 735 1787; x_wconf 83' lang='lat' dir='ltr'>conuersum</span> <span class='ocrx_word' id='word_1_354' title='bbox 743 1779 753 1795; x_wconf 94' lang='lat'>,</span> <span class='ocrx_word' id='word_1_355' title='bbox 762 1747 924 1802; x_wconf 85' lang='lat' dir='ltr'>puellam</span> <span class='ocrx_word' id='word_1_356' title='bbox 936 1778 946 1794; x_wconf 93' lang='lat'>,</span> <span class='ocrx_word' id='word_1_357' title='bbox 958 1750 998 1785; x_wconf 69' lang='grc' dir='ltr'>δε</span> <span class='ocrx_word' id='word_1_358' title='bbox 1015 1745 1035 1784; x_wconf 71' lang='grc' dir='ltr'>εὶ</span> <span class='ocrx_word' id='word_1_359' title='bbox 1043 1745 1076 1785; x_wconf 89' lang='lat' dir='ltr'>se</span> <span class='ocrx_word' id='word_1_360' title='bbox 1088 1749 1258 1801; x_wconf 85' lang='lat' dir='ltr'>genitum</span> <span class='ocrx_word' id='word_1_361' title='bbox 1273 1761 1430 1802; x_wconf 87' lang='lat' dir='ltr'>puerum</span> <span class='ocrx_word' id='word_1_362' title='bbox 1442 1754 1453 1799; x_wconf 71' lang='grc' dir='ltr'>ζ</span> <span class='ocrx_word' id='word_1_363' title='bbox 1460 1763 1576 1803; x_wconf 88' lang='lat' dir='ltr'>quem</span> <span class='ocrx_word' id='word_1_364' title='bbox 1591 1749 1823 1809; x_wconf 85' lang='lat' dir='ltr'>AEchmago-</span> 
     </span>
    </p>

    <p class='ocr_par' dir='ltr' id='par_1_10' title="bbox 94 1802 1823 1864">
     <span class='ocr_line' id='line_1_35' title="bbox 94 1802 1823 1864; baseline 0.003 -19"><span class='ocrx_word' id='word_1_365' title='bbox 94 1819 175 1845; x_wconf 87' lang='lat' dir='ltr'>ram</span> <span class='ocrx_word' id='word_1_366' title='bbox 183 1805 406 1860; x_wconf 88' lang='lat' dir='ltr'>appellatum</span> <span class='ocrx_word' id='word_1_367' title='bbox 420 1802 955 1859; x_wconf 75' lang='lat' dir='ltr'>tradunt)agnouiffe,ambos&lt;‘13</span> <span class='ocrx_word' id='word_1_368' title='bbox 964 1803 1118 1842; x_wconf 87' lang='lat' dir='ltr'>vinculis</span> <span class='ocrx_word' id='word_1_369' title='bbox 1125 1802 1297 1843; x_wconf 72' lang='lat' dir='ltr'>liberasse.</span> <span class='ocrx_word' id='word_1_370' title='bbox 1303 1805 1366 1844; x_wconf 93' lang='lat' dir='ltr'>De</span> <span class='ocrx_word' id='word_1_371' title='bbox 1374 1809 1425 1844; x_wconf 92' lang='lat' dir='ltr'>rei</span> <span class='ocrx_word' id='word_1_372' title='bbox 1434 1819 1571 1845; x_wconf 88' lang='lat' dir='ltr'>euentu</span> <span class='ocrx_word' id='word_1_373' title='bbox 1579 1806 1727 1848; x_wconf 90' lang='lat' dir='ltr'>fontem</span> <span class='ocrx_word' id='word_1_374' title='bbox 1735 1825 1823 1864; x_wconf 86' lang='lat' dir='ltr'>pro-</span> 
     </span>
    </p>

    <p class='ocr_par' dir='ltr' id='par_1_11' title="bbox 93 1859 1818 1916">
     <span class='ocr_line' id='line_1_36' title="bbox 93 1859 1818 1916; baseline 0.003 -14"><span class='ocrx_word' id='word_1_375' title='bbox 93 1867 242 1902; x_wconf 86' lang='lat' dir='ltr'>ximum</span> <span class='ocrx_word' id='word_1_376' title='bbox 253 1859 379 1901; x_wconf 86' lang='lat' dir='ltr'>Ciffan</span> <span class='ocrx_word' id='word_1_377' title='bbox 391 1860 443 1912; x_wconf 88' lang='lat' dir='ltr'>(id</span> <span class='ocrx_word' id='word_1_378' title='bbox 445 1863 495 1899; x_wconf 64' lang='lat' dir='ltr'>esi</span> <span class='ocrx_word' id='word_1_379' title='bbox 496 1863 621 1916; x_wconf 83' lang='lat' dir='ltr'>picam)</span> <span class='ocrx_word' id='word_1_380' title='bbox 626 1874 894 1915; x_wconf 85' lang='lat' dir='ltr'>ntmcupatum.</span> <span class='ocrx_word' id='word_1_381' title='bbox 954 1859 1017 1899; x_wconf 89' lang='lat' dir='ltr'>Ab</span> <span class='ocrx_word' id='word_1_382' title='bbox 1024 1859 1100 1899; x_wconf 91' lang='lat' dir='ltr'>hoc</span> <span class='ocrx_word' id='word_1_383' title='bbox 1107 1859 1212 1899; x_wconf 90' lang='lat' dir='ltr'>fonte</span> <span class='ocrx_word' id='word_1_384' title='bbox 1219 1860 1332 1901; x_wconf 87' lang='lat' dir='ltr'>stadia</span> <span class='ocrx_word' id='word_1_385' title='bbox 1339 1875 1391 1900; x_wconf 86' lang='lat' dir='ltr'>XL</span> <span class='ocrx_word' id='word_1_386' title='bbox 1400 1861 1499 1901; x_wconf 88' lang='lat' dir='ltr'>abest</span> <span class='ocrx_word' id='word_1_387' title='bbox 1507 1863 1615 1904; x_wconf 87' lang='lat' dir='ltr'>Petro</span> <span class='ocrx_word' id='word_1_388' title='bbox 1620 1864 1697 1905; x_wconf 87' lang='lat' dir='ltr'>saca</span> <span class='ocrx_word' id='word_1_389' title='bbox 1705 1872 1818 1916; x_wconf 66' lang='lat' dir='ltr'>victu,</span> 
     </span>
    </p>
   </div>
   <div class='ocr_carea' id='block_1_8' title="bbox 94 1915 1921 1981">
    <p class='ocr_par' dir='ltr' id='par_1_12' title="bbox 94 1915 1921 1981">
     <span class='ocr_line' id='line_1_37' title="bbox 94 1915 1921 1981; baseline 0.003 -23"><span class='ocrx_word' id='word_1_390' title='bbox 94 1922 135 1958; x_wconf 88' lang='lat' dir='ltr'>in</span> <span class='ocrx_word' id='word_1_391' title='bbox 143 1918 217 1973; x_wconf 88' lang='lat' dir='ltr'>ipso</span> <span class='ocrx_word' id='word_1_392' title='bbox 226 1918 580 1973; x_wconf 82' lang='lat' dir='ltr'>Megalopolitarum</span> <span class='ocrx_word' id='word_1_393' title='bbox 588 1922 628 1956; x_wconf 64' lang='grc' dir='ltr'>δέ</span> <span class='ocrx_word' id='word_1_394' title='bbox 635 1916 930 1957; x_wconf 84' lang='lat' dir='ltr'>Mantinenfium</span> <span class='ocrx_word' id='word_1_395' title='bbox 939 1915 1118 1956; x_wconf 88' lang='lat' dir='ltr'>confinio.</span> <span class='ocrx_word' id='word_1_396' title='bbox 1179 1917 1253 1957; x_wconf 89' lang='lat' dir='ltr'>Sed</span> <span class='ocrx_word' id='word_1_397' title='bbox 1260 1932 1388 1972; x_wconf 83' lang='lat' dir='ltr'>praeter</span> <span class='ocrx_word' id='word_1_398' title='bbox 1394 1918 1480 1957; x_wconf 59' lang='lat' dir='ltr'>duaa</span> <span class='ocrx_word' id='word_1_399' title='bbox 1488 1934 1577 1974; x_wconf 86' lang='lat' dir='ltr'>quas</span> <span class='ocrx_word' id='word_1_400' title='bbox 1586 1922 1669 1960; x_wconf 74' lang='lat' dir='ltr'>ante</span> <span class='ocrx_word' id='word_1_401' title='bbox 1678 1923 1818 1963; x_wconf 91' lang='lat' dir='ltr'>indica-</span> <span class='ocrx_word' id='word_1_402' title='bbox 1842 1943 1921 1981; x_wconf 86' lang='lat'>247</span> 
     </span>
    </p>
   </div>
   <div class='ocr_carea' id='block_1_9' title="bbox 95 1972 1826 3379">
    <p class='ocr_par' dir='ltr' id='par_1_13' title="bbox 95 1972 1826 3379">
     <span class='ocr_line' id='line_1_38' title="bbox 95 1972 1821 2032; baseline 0.003 -19"><span class='ocrx_word' id='word_1_403' title='bbox 95 1980 218 2014; x_wconf 71' lang='lat' dir='ltr'>nimus</span> <span class='ocrx_word' id='word_1_404' title='bbox 226 1978 300 2015; x_wconf 89' lang='lat' dir='ltr'>vias</span> <span class='ocrx_word' id='word_1_405' title='bbox 308 2007 319 2023; x_wconf 86' lang='lat'>,</span> <span class='ocrx_word' id='word_1_406' title='bbox 328 1973 485 2014; x_wconf 89' lang='lat' dir='ltr'>totidem</span> <span class='ocrx_word' id='word_1_407' title='bbox 493 1975 569 2014; x_wconf 82' lang='lat' dir='ltr'>aliae</span> <span class='ocrx_word' id='word_1_408' title='bbox 579 1974 874 2014; x_wconf 88' lang='lat' dir='ltr'>Orchomenum</span> <span class='ocrx_word' id='word_1_409' title='bbox 888 1972 1131 2013; x_wconf 88' lang='lat' dir='ltr'>deducunt.in</span> <span class='ocrx_word' id='word_1_410' title='bbox 1139 1987 1267 2013; x_wconf 88' lang='lat' dir='ltr'>earum</span> <span class='ocrx_word' id='word_1_411' title='bbox 1281 1988 1355 2014; x_wconf 87' lang='lat' dir='ltr'>vna</span> <span class='ocrx_word' id='word_1_412' title='bbox 1363 1974 1521 2014; x_wconf 87' lang='lat' dir='ltr'>stadium</span> <span class='ocrx_word' id='word_1_413' title='bbox 1530 1977 1581 2015; x_wconf 91' lang='lat' dir='ltr'>est</span> <span class='ocrx_word' id='word_1_414' title='bbox 1588 1977 1693 2032; x_wconf 91' lang='lat' dir='ltr'>quod</span> <span class='ocrx_word' id='word_1_415' title='bbox 1710 1979 1821 2019; x_wconf 84' lang='lat' dir='ltr'>Ladae</span> 
     </span>
     <span class='ocr_line' id='line_1_39' title="bbox 96 2028 1823 2087; baseline 0.002 -15"><span class='ocrx_word' id='word_1_416' title='bbox 96 2032 289 2087; x_wconf 86' lang='lat' dir='ltr'>appellant,</span> <span class='ocrx_word' id='word_1_417' title='bbox 294 2030 400 2086; x_wconf 78' lang='lat' dir='ltr'>quod</span> <span class='ocrx_word' id='word_1_418' title='bbox 407 2034 445 2069; x_wconf 90' lang='lat' dir='ltr'>in</span> <span class='ocrx_word' id='word_1_419' title='bbox 455 2046 502 2071; x_wconf 88' lang='lat' dir='ltr'>eo</span> <span class='ocrx_word' id='word_1_420' title='bbox 514 2030 548 2070; x_wconf 91' lang='lat' dir='ltr'>se</span> <span class='ocrx_word' id='word_1_421' title='bbox 556 2030 674 2071; x_wconf 86' lang='lat' dir='ltr'>Ladas</span> <span class='ocrx_word' id='word_1_422' title='bbox 682 2030 730 2070; x_wconf 91' lang='lat' dir='ltr'>ad</span> <span class='ocrx_word' id='word_1_423' title='bbox 737 2030 883 2070; x_wconf 88' lang='lat' dir='ltr'>cursum</span> <span class='ocrx_word' id='word_1_424' title='bbox 891 2043 1061 2069; x_wconf 86' lang='lat' dir='ltr'>exercere</span> <span class='ocrx_word' id='word_1_425' title='bbox 1068 2028 1109 2068; x_wconf 77' lang='lat' dir='ltr'>lit</span> <span class='ocrx_word' id='word_1_426' title='bbox 1120 2029 1249 2068; x_wconf 84' lang='lat' dir='ltr'>solitus.</span> <span class='ocrx_word' id='word_1_427' title='bbox 1266 2030 1440 2070; x_wconf 79' lang='lat' dir='ltr'>Proxime</span> <span class='ocrx_word' id='word_1_428' title='bbox 1448 2031 1500 2070; x_wconf 82' lang='lat' dir='ltr'>est</span> <span class='ocrx_word' id='word_1_429' title='bbox 1514 2032 1647 2072; x_wconf 75' lang='lat' dir='ltr'>Diana:</span> <span class='ocrx_word' id='word_1_430' title='bbox 1655 2033 1750 2074; x_wconf 84' lang='lat' dir='ltr'>aedes</span> <span class='ocrx_word' id='word_1_431' title='bbox 1760 2054 1767 2074; x_wconf 90' lang='grc'>;</span> <span class='ocrx_word' id='word_1_432' title='bbox 1783 2041 1823 2075; x_wconf 71' lang='grc' dir='ltr'>δε</span> 
     </span>
     <span class='ocr_line' id='line_1_40' title="bbox 97 2084 1826 2142; baseline 0.003 -14"><span class='ocrx_word' id='word_1_433' title='bbox 97 2088 145 2128; x_wconf 87' lang='lat' dir='ltr'>ad</span> <span class='ocrx_word' id='word_1_434' title='bbox 155 2092 220 2127; x_wconf 84' lang='lat' dir='ltr'>viae</span> <span class='ocrx_word' id='word_1_435' title='bbox 230 2087 419 2128; x_wconf 83' lang='lat' dir='ltr'>dexteram</span> <span class='ocrx_word' id='word_1_436' title='bbox 428 2100 529 2127; x_wconf 86' lang='lat' dir='ltr'>terrae</span> <span class='ocrx_word' id='word_1_437' title='bbox 537 2086 655 2127; x_wconf 86' lang='lat' dir='ltr'>editus</span> <span class='ocrx_word' id='word_1_438' title='bbox 665 2101 783 2141; x_wconf 83' lang='lat' dir='ltr'>agger:</span> <span class='ocrx_word' id='word_1_439' title='bbox 795 2087 996 2140; x_wconf 86' lang='lat' dir='ltr'>Penelopes</span> <span class='ocrx_word' id='word_1_440' title='bbox 1005 2085 1193 2124; x_wconf 88' lang='lat' dir='ltr'>tumulum</span> <span class='ocrx_word' id='word_1_441' title='bbox 1203 2084 1272 2126; x_wconf 81' lang='lat' dir='ltr'>effe</span> <span class='ocrx_word' id='word_1_442' title='bbox 1287 2085 1424 2126; x_wconf 88' lang='lat' dir='ltr'>dicunt.</span> <span class='ocrx_word' id='word_1_443' title='bbox 1434 2102 1558 2142; x_wconf 88' lang='lat' dir='ltr'>neque</span> <span class='ocrx_word' id='word_1_444' title='bbox 1574 2093 1675 2128; x_wconf 89' lang='lat' dir='ltr'>enim</span> <span class='ocrx_word' id='word_1_445' title='bbox 1691 2089 1738 2131; x_wconf 85' lang='lat' dir='ltr'>dc</span> <span class='ocrx_word' id='word_1_446' title='bbox 1754 2093 1826 2133; x_wconf 78' lang='lat' dir='ltr'>Pe-</span> 
     </span>
     <span class='ocr_line' id='line_1_41' title="bbox 96 2141 1823 2199; baseline 0.002 -15"><span class='ocrx_word' id='word_1_447' title='bbox 96 2145 232 2199; x_wconf 85' lang='lat' dir='ltr'>nelope</span> <span class='ocrx_word' id='word_1_448' title='bbox 241 2143 432 2184; x_wconf 89' lang='lat' dir='ltr'>Arcadum</span> <span class='ocrx_word' id='word_1_449' title='bbox 440 2144 558 2183; x_wconf 88' lang='lat' dir='ltr'>sermo</span> <span class='ocrx_word' id='word_1_450' title='bbox 567 2157 656 2183; x_wconf 88' lang='lat' dir='ltr'>cum</span> <span class='ocrx_word' id='word_1_451' title='bbox 663 2142 910 2197; x_wconf 85' lang='lat' dir='ltr'>Thesprotide</span> <span class='ocrx_word' id='word_1_452' title='bbox 917 2141 1017 2196; x_wconf 85' lang='lat' dir='ltr'>poe&#39;fi</span> <span class='ocrx_word' id='word_1_453' title='bbox 1025 2145 1247 2196; x_wconf 85' lang='lat' dir='ltr'>congruit.in</span> <span class='ocrx_word' id='word_1_454' title='bbox 1254 2157 1297 2182; x_wconf 85' lang='lat' dir='ltr'>ea</span> <span class='ocrx_word' id='word_1_455' title='bbox 1306 2147 1407 2182; x_wconf 89' lang='lat' dir='ltr'>enim</span> <span class='ocrx_word' id='word_1_456' title='bbox 1415 2146 1604 2197; x_wconf 83' lang='lat' dir='ltr'>proditum</span> <span class='ocrx_word' id='word_1_457' title='bbox 1614 2147 1664 2186; x_wconf 86' lang='lat' dir='ltr'>est</span> <span class='ocrx_word' id='word_1_458' title='bbox 1673 2161 1823 2188; x_wconf 84' lang='lat' dir='ltr'>memo-</span> 
     </span>
     <span class='ocr_line' id='line_1_42' title="bbox 97 2198 1822 2255; baseline 0.003 -15"><span class='ocrx_word' id='word_1_459' title='bbox 97 2205 169 2250; x_wconf 64' lang='lat' dir='ltr'>rias,</span> <span class='ocrx_word' id='word_1_460' title='bbox 180 2200 395 2255; x_wconf 85' lang='lat' dir='ltr'>pos’tVlyffis</span> <span class='ocrx_word' id='word_1_461' title='bbox 407 2200 551 2239; x_wconf 79' lang='lat' dir='ltr'>aTroia</span> <span class='ocrx_word' id='word_1_462' title='bbox 563 2198 723 2239; x_wconf 90' lang='lat' dir='ltr'>reditum</span> <span class='ocrx_word' id='word_1_463' title='bbox 734 2229 744 2246; x_wconf 94' lang='lat'>,</span> <span class='ocrx_word' id='word_1_464' title='bbox 754 2200 968 2253; x_wconf 88' lang='lat' dir='ltr'>Penelopen</span> <span class='ocrx_word' id='word_1_465' title='bbox 977 2201 1009 2238; x_wconf 92' lang='lat' dir='ltr'>ei</span> <span class='ocrx_word' id='word_1_466' title='bbox 1025 2199 1294 2252; x_wconf 85' lang='lat' dir='ltr'>Ptoliportham</span> <span class='ocrx_word' id='word_1_467' title='bbox 1308 2200 1491 2254; x_wconf 75' lang='lat' dir='ltr'>peperisse.</span> <span class='ocrx_word' id='word_1_468' title='bbox 1506 2202 1556 2240; x_wconf 94' lang='lat' dir='ltr'>At</span> <span class='ocrx_word' id='word_1_469' title='bbox 1570 2203 1822 2245; x_wconf 71' lang='lat' dir='ltr'>Mammenses</span> 
     </span>
     <span class='ocr_line' id='line_1_43' title="bbox 98 2252 1821 2313; baseline 0.002 -16"><span class='ocrx_word' id='word_1_470' title='bbox 98 2259 211 2313; x_wconf 77' lang='lat' dir='ltr'>longe</span> <span class='ocrx_word' id='word_1_471' title='bbox 220 2258 334 2297; x_wconf 90' lang='lat' dir='ltr'>alium</span> <span class='ocrx_word' id='word_1_472' title='bbox 346 2255 561 2297; x_wconf 87' lang='lat' dir='ltr'>distulerunt</span> <span class='ocrx_word' id='word_1_473' title='bbox 568 2255 840 2303; x_wconf 86' lang='lat' dir='ltr'>sermonem,ab</span> <span class='ocrx_word' id='word_1_474' title='bbox 848 2252 968 2310; x_wconf 84' lang='lat' dir='ltr'>Vlyffe</span> <span class='ocrx_word' id='word_1_475' title='bbox 975 2269 1010 2294; x_wconf 84' lang='lat' dir='ltr'>eo</span> <span class='ocrx_word' id='word_1_476' title='bbox 1018 2257 1156 2293; x_wconf 81' lang='lat' dir='ltr'>crimine</span> <span class='ocrx_word' id='word_1_477' title='bbox 1163 2253 1391 2305; x_wconf 88' lang='lat' dir='ltr'>damnatam,</span> <span class='ocrx_word' id='word_1_478' title='bbox 1400 2256 1507 2312; x_wconf 79' lang='lat' dir='ltr'>quod</span> <span class='ocrx_word' id='word_1_479' title='bbox 1515 2260 1612 2298; x_wconf 76' lang='lat' dir='ltr'>Vltro</span> <span class='ocrx_word' id='word_1_480' title='bbox 1622 2275 1754 2313; x_wconf 85' lang='lat' dir='ltr'>procos</span> <span class='ocrx_word' id='word_1_481' title='bbox 1763 2266 1821 2301; x_wconf 81' lang='lat' dir='ltr'>in-</span> 
     </span>
     <span class='ocr_line' id='line_1_44' title="bbox 97 2303 1820 2371; baseline 0.002 -17"><span class='ocrx_word' id='word_1_482' title='bbox 97 2311 447 2368; x_wconf 62' lang='lat' dir='ltr'>uitafletzdomoqtie</span> <span class='ocrx_word' id='word_1_483' title='bbox 455 2313 633 2360; x_wconf 61' lang='lat' dir='ltr'>exercitam,</span> <span class='ocrx_word' id='word_1_484' title='bbox 643 2303 810 2366; x_wconf 64' lang='lat' dir='ltr'>Spartam</span> <span class='ocrx_word' id='word_1_485' title='bbox 819 2315 914 2366; x_wconf 85' lang='lat' dir='ltr'>prius</span> <span class='ocrx_word' id='word_1_486' title='bbox 924 2342 934 2358; x_wconf 94' lang='lat'>,</span> <span class='ocrx_word' id='word_1_487' title='bbox 944 2310 1080 2351; x_wconf 85' lang='lat' dir='ltr'>deinde</span> <span class='ocrx_word' id='word_1_488' title='bbox 1088 2311 1310 2352; x_wconf 86' lang='lat' dir='ltr'>Mantinean</span> <span class='ocrx_word' id='word_1_489' title='bbox 1318 2312 1352 2353; x_wconf 90' lang='lat' dir='ltr'>se</span> <span class='ocrx_word' id='word_1_490' title='bbox 1360 2313 1545 2368; x_wconf 76' lang='lat' dir='ltr'>recepisse:</span> <span class='ocrx_word' id='word_1_491' title='bbox 1561 2315 1687 2371; x_wconf 58' lang='lat' dir='ltr'>ibique</span> <span class='ocrx_word' id='word_1_492' title='bbox 1695 2321 1777 2357; x_wconf 71' lang='lat' dir='ltr'>vitae</span> <span class='ocrx_word' id='word_1_493' title='bbox 1787 2320 1820 2358; x_wconf 87' lang='lat' dir='ltr'>ei</span> 
     </span>
     <span class='ocr_line' id='line_1_45' title="bbox 97 2367 1822 2425; baseline 0.003 -16"><span class='ocrx_word' id='word_1_494' title='bbox 97 2370 214 2411; x_wconf 89' lang='lat' dir='ltr'>finem</span> <span class='ocrx_word' id='word_1_495' title='bbox 223 2369 421 2425; x_wconf 84' lang='lat' dir='ltr'>contigisse.</span> <span class='ocrx_word' id='word_1_496' title='bbox 494 2367 889 2423; x_wconf 82' lang='lat' dir='ltr'>Proxima,atqueadeo</span> <span class='ocrx_word' id='word_1_497' title='bbox 897 2368 984 2407; x_wconf 88' lang='lat' dir='ltr'>huic</span> <span class='ocrx_word' id='word_1_498' title='bbox 992 2368 1138 2407; x_wconf 88' lang='lat' dir='ltr'>tumulo</span> <span class='ocrx_word' id='word_1_499' title='bbox 1147 2373 1321 2425; x_wconf 86' lang='lat' dir='ltr'>contigua</span> <span class='ocrx_word' id='word_1_500' title='bbox 1328 2371 1493 2424; x_wconf 89' lang='lat' dir='ltr'>planities</span> <span class='ocrx_word' id='word_1_501' title='bbox 1504 2371 1555 2411; x_wconf 88' lang='lat' dir='ltr'>est</span> <span class='ocrx_word' id='word_1_502' title='bbox 1562 2386 1642 2412; x_wconf 92' lang='lat' dir='ltr'>non</span> <span class='ocrx_word' id='word_1_503' title='bbox 1650 2373 1731 2413; x_wconf 74' lang='lat' dir='ltr'>sane</span> <span class='ocrx_word' id='word_1_504' title='bbox 1741 2390 1822 2415; x_wconf 83' lang='lat' dir='ltr'>ma-</span> 
     </span>
     <span class='ocr_line' id='line_1_46' title="bbox 124 2424 1821 2479; baseline 0.003 -13"><span class='ocrx_word' id='word_1_505' title='bbox 124 2431 223 2466; x_wconf 88' lang='lat' dir='ltr'>na.in</span> <span class='ocrx_word' id='word_1_506' title='bbox 233 2442 276 2466; x_wconf 89' lang='lat' dir='ltr'>ea</span> <span class='ocrx_word' id='word_1_507' title='bbox 286 2441 397 2466; x_wconf 85' lang='lat' dir='ltr'>mons</span> <span class='ocrx_word' id='word_1_508' title='bbox 406 2443 414 2467; x_wconf 91' lang='lat'>;</span> <span class='ocrx_word' id='word_1_509' title='bbox 426 2426 490 2465; x_wconf 88' lang='lat' dir='ltr'>vbi</span> <span class='ocrx_word' id='word_1_510' title='bbox 498 2428 611 2465; x_wconf 83' lang='lat' dir='ltr'>ruinae</span> <span class='ocrx_word' id='word_1_511' title='bbox 619 2438 820 2465; x_wconf 86' lang='lat' dir='ltr'>cernuntur</span> <span class='ocrx_word' id='word_1_512' title='bbox 827 2424 948 2479; x_wconf 83' lang='lat' dir='ltr'>priscae</span> <span class='ocrx_word' id='word_1_513' title='bbox 961 2424 1173 2464; x_wconf 75' lang='lat' dir='ltr'>Mantineae.</span> <span class='ocrx_word' id='word_1_514' title='bbox 1189 2426 1292 2466; x_wconf 90' lang='lat' dir='ltr'>locus</span> <span class='ocrx_word' id='word_1_515' title='bbox 1299 2426 1371 2466; x_wconf 87' lang='lat' dir='ltr'>hac</span> <span class='ocrx_word' id='word_1_516' title='bbox 1379 2431 1585 2467; x_wconf 88' lang='lat' dir='ltr'>etiamnum</span> <span class='ocrx_word' id='word_1_517' title='bbox 1595 2443 1698 2470; x_wconf 80' lang='lat' dir='ltr'>aetate</span> <span class='ocrx_word' id='word_1_518' title='bbox 1707 2432 1821 2471; x_wconf 74' lang='lat' dir='ltr'>Ptolis</span> 
     </span>
     <span class='ocr_line' id='line_1_47' title="bbox 99 2478 1821 2538; baseline 0.002 -15"><span class='ocrx_word' id='word_1_519' title='bbox 99 2483 239 2523; x_wconf 79' lang='lat' dir='ltr'>dicitur.</span> <span class='ocrx_word' id='word_1_520' title='bbox 250 2484 351 2523; x_wconf 91' lang='lat' dir='ltr'>Hinc</span> <span class='ocrx_word' id='word_1_521' title='bbox 360 2483 579 2538; x_wconf 86' lang='lat' dir='ltr'>aquilonem</span> <span class='ocrx_word' id='word_1_522' title='bbox 588 2480 706 2521; x_wconf 86' lang='lat' dir='ltr'>versus</span> <span class='ocrx_word' id='word_1_523' title='bbox 726 2478 897 2536; x_wconf 75' lang='lat' dir='ltr'>digressus</span> <span class='ocrx_word' id='word_1_524' title='bbox 906 2512 916 2528; x_wconf 83' lang='lat'>‚</span> <span class='ocrx_word' id='word_1_525' title='bbox 932 2479 1087 2521; x_wconf 88' lang='lat' dir='ltr'>modico</span> <span class='ocrx_word' id='word_1_526' title='bbox 1095 2484 1162 2521; x_wconf 89' lang='lat' dir='ltr'>viae</span> <span class='ocrx_word' id='word_1_527' title='bbox 1177 2481 1289 2537; x_wconf 85' lang='lat' dir='ltr'>spatio</span> <span class='ocrx_word' id='word_1_528' title='bbox 1297 2483 1473 2524; x_wconf 61' lang='lat' dir='ltr'>confecto</span> <span class='ocrx_word' id='word_1_529' title='bbox 1482 2515 1492 2532; x_wconf 90' lang='lat'>,</span> <span class='ocrx_word' id='word_1_530' title='bbox 1502 2484 1548 2525; x_wconf 88' lang='lat' dir='ltr'>ad</span> <span class='ocrx_word' id='word_1_531' title='bbox 1563 2485 1710 2526; x_wconf 88' lang='lat' dir='ltr'>fontem</span> <span class='ocrx_word' id='word_1_532' title='bbox 1720 2489 1821 2527; x_wconf 86' lang='lat' dir='ltr'>Alal-</span> 
     </span>
     <span class='ocr_line' id='line_1_48' title="bbox 99 2536 1819 2594; baseline 0.002 -14"><span class='ocrx_word' id='word_1_533' title='bbox 99 2541 281 2580; x_wconf 82' lang='lat' dir='ltr'>comeniae</span> <span class='ocrx_word' id='word_1_534' title='bbox 290 2543 490 2594; x_wconf 83' lang='lat' dir='ltr'>peruenias.</span> <span class='ocrx_word' id='word_1_535' title='bbox 549 2537 612 2577; x_wconf 92' lang='lat' dir='ltr'>Ab</span> <span class='ocrx_word' id='word_1_536' title='bbox 623 2538 713 2577; x_wconf 90' lang='lat' dir='ltr'>vrbe</span> <span class='ocrx_word' id='word_1_537' title='bbox 721 2536 808 2577; x_wconf 85' lang='lat' dir='ltr'>stad.</span> <span class='ocrx_word' id='word_1_538' title='bbox 818 2551 905 2576; x_wconf 86' lang='lat' dir='ltr'>xxx</span> <span class='ocrx_word' id='word_1_539' title='bbox 912 2537 1040 2577; x_wconf 89' lang='lat' dir='ltr'>absunt</span> <span class='ocrx_word' id='word_1_540' title='bbox 1047 2536 1178 2578; x_wconf 84' lang='lat' dir='ltr'>rudera</span> <span class='ocrx_word' id='word_1_541' title='bbox 1191 2542 1275 2587; x_wconf 86' lang='lat' dir='ltr'>vici,</span> <span class='ocrx_word' id='word_1_542' title='bbox 1284 2541 1343 2579; x_wconf 86' lang='lat' dir='ltr'>cui</span> <span class='ocrx_word' id='word_1_543' title='bbox 1350 2540 1478 2580; x_wconf 84' lang='lat' dir='ltr'>Maerae</span> <span class='ocrx_word' id='word_1_544' title='bbox 1491 2555 1635 2581; x_wconf 87' lang='lat' dir='ltr'>nornen</span> <span class='ocrx_word' id='word_1_545' title='bbox 1646 2558 1653 2580; x_wconf 92' lang='lat'><strong>:</strong></span> <span class='ocrx_word' id='word_1_546' title='bbox 1664 2543 1689 2581; x_wconf 84' lang='lat' dir='ltr'>fi</span> <span class='ocrx_word' id='word_1_547' title='bbox 1697 2542 1819 2584; x_wconf 73' lang='lat' dir='ltr'>modo</span> 
     </span>
     <span class='ocr_line' id='line_1_49' title="bbox 98 2589 1818 2654; baseline 0.003 -19"><span class='ocrx_word' id='word_1_548' title='bbox 98 2597 217 2635; x_wconf 82' lang='lat' dir='ltr'>Maera</span> <span class='ocrx_word' id='word_1_549' title='bbox 224 2594 299 2635; x_wconf 90' lang='lat' dir='ltr'>hoc</span> <span class='ocrx_word' id='word_1_550' title='bbox 307 2599 345 2634; x_wconf 91' lang='lat' dir='ltr'>in</span> <span class='ocrx_word' id='word_1_551' title='bbox 355 2596 497 2643; x_wconf 86' lang='lat' dir='ltr'>loco,&amp;</span> <span class='ocrx_word' id='word_1_552' title='bbox 504 2609 584 2634; x_wconf 88' lang='lat' dir='ltr'>non</span> <span class='ocrx_word' id='word_1_553' title='bbox 592 2599 631 2633; x_wconf 91' lang='lat' dir='ltr'>in</span> <span class='ocrx_word' id='word_1_554' title='bbox 637 2589 849 2649; x_wconf 72' lang='lat' dir='ltr'>Tegeatfim</span> <span class='ocrx_word' id='word_1_555' title='bbox 856 2593 988 2633; x_wconf 87' lang='lat' dir='ltr'>finibus</span> <span class='ocrx_word' id='word_1_556' title='bbox 996 2594 1064 2634; x_wconf 91' lang='lat' dir='ltr'>fuit</span> <span class='ocrx_word' id='word_1_557' title='bbox 1071 2593 1213 2649; x_wconf 88' lang='lat' dir='ltr'>sepulta.</span> <span class='ocrx_word' id='word_1_558' title='bbox 1227 2599 1303 2636; x_wconf 91' lang='lat' dir='ltr'>veri</span> <span class='ocrx_word' id='word_1_559' title='bbox 1311 2600 1414 2636; x_wconf 90' lang='lat' dir='ltr'>enim</span> <span class='ocrx_word' id='word_1_560' title='bbox 1422 2612 1505 2652; x_wconf 81' lang='lat' dir='ltr'>quae</span> <span class='ocrx_word' id='word_1_561' title='bbox 1514 2597 1561 2638; x_wconf 89' lang='lat' dir='ltr'>de</span> <span class='ocrx_word' id='word_1_562' title='bbox 1569 2602 1644 2638; x_wconf 86' lang='lat' dir='ltr'>eius</span> <span class='ocrx_word' id='word_1_563' title='bbox 1653 2598 1818 2654; x_wconf 89' lang='lat' dir='ltr'>sepulcro</span> 
     </span>
     <span class='ocr_line' id='line_1_50' title="bbox 99 2649 1818 2707; baseline 0.002 -16"><span class='ocrx_word' id='word_1_564' title='bbox 99 2653 230 2692; x_wconf 86' lang='lat' dir='ltr'>dicunt</span> <span class='ocrx_word' id='word_1_565' title='bbox 235 2650 420 2706; x_wconf 79' lang='lat' dir='ltr'>Tegeatae,</span> <span class='ocrx_word' id='word_1_566' title='bbox 429 2651 545 2707; x_wconf 73' lang='lat' dir='ltr'>quam</span> <span class='ocrx_word' id='word_1_567' title='bbox 552 2666 635 2706; x_wconf 80' lang='lat' dir='ltr'>quae</span> <span class='ocrx_word' id='word_1_568' title='bbox 643 2649 1086 2698; x_wconf 82' lang='lat' dir='ltr'>Mantinenses,fi1niliora</span> <span class='ocrx_word' id='word_1_569' title='bbox 1094 2651 1274 2694; x_wconf 73' lang='lat' dir='ltr'>videnum</span> <span class='ocrx_word' id='word_1_570' title='bbox 1285 2651 1387 2692; x_wconf 85' lang='lat' dir='ltr'>fuiffe</span> <span class='ocrx_word' id='word_1_571' title='bbox 1396 2653 1527 2694; x_wconf 89' lang='lat' dir='ltr'>scilicet</span> <span class='ocrx_word' id='word_1_572' title='bbox 1540 2655 1695 2694; x_wconf 87' lang='lat' dir='ltr'>Atlantis</span> <span class='ocrx_word' id='word_1_573' title='bbox 1703 2655 1818 2695; x_wconf 87' lang='lat' dir='ltr'>filiam</span> 
     </span>
     <span class='ocr_line' id='line_1_51' title="bbox 100 2706 1819 2763; baseline 0.002 -15"><span class='ocrx_word' id='word_1_574' title='bbox 100 2709 260 2748; x_wconf 80' lang='lat' dir='ltr'>Maeram</span> <span class='ocrx_word' id='word_1_575' title='bbox 269 2707 367 2761; x_wconf 86' lang='lat' dir='ltr'>apud</span> <span class='ocrx_word' id='word_1_576' title='bbox 375 2707 408 2747; x_wconf 90' lang='lat' dir='ltr'>se</span> <span class='ocrx_word' id='word_1_577' title='bbox 415 2707 720 2747; x_wconf 77' lang='lat' dir='ltr'>humatamforte</span> <span class='ocrx_word' id='word_1_578' title='bbox 727 2706 816 2746; x_wconf 74' lang='lat' dir='ltr'>vero</span> <span class='ocrx_word' id='word_1_579' title='bbox 825 2721 869 2746; x_wconf 85' lang='lat' dir='ltr'>ex</span> <span class='ocrx_word' id='word_1_580' title='bbox 876 2706 983 2746; x_wconf 87' lang='lat' dir='ltr'>huius</span> <span class='ocrx_word' id='word_1_581' title='bbox 994 2706 1113 2762; x_wconf 90' lang='lat' dir='ltr'>stirpe,</span> <span class='ocrx_word' id='word_1_582' title='bbox 1122 2708 1190 2748; x_wconf 86' lang='lat' dir='ltr'>alia</span> <span class='ocrx_word' id='word_1_583' title='bbox 1200 2713 1241 2748; x_wconf 88' lang='lat'><strong>&amp;</strong></span> <span class='ocrx_word' id='word_1_584' title='bbox 1248 2708 1320 2763; x_wconf 85' lang='lat' dir='ltr'>ipsa</span> <span class='ocrx_word' id='word_1_585' title='bbox 1326 2713 1483 2750; x_wconf 89' lang='lat' dir='ltr'>nomine</span> <span class='ocrx_word' id='word_1_586' title='bbox 1491 2710 1620 2759; x_wconf 86' lang='lat' dir='ltr'>Maera,</span> <span class='ocrx_word' id='word_1_587' title='bbox 1628 2713 1667 2749; x_wconf 91' lang='lat' dir='ltr'>in</span> <span class='ocrx_word' id='word_1_588' title='bbox 1676 2711 1819 2751; x_wconf 88' lang='lat' dir='ltr'>Manti-</span> 
     </span>
     <span class='ocr_line' id='line_1_52' title="bbox 99 2761 1819 2821; baseline 0.002 -17"><span class='ocrx_word' id='word_1_589' title='bbox 99 2763 271 2805; x_wconf 85' lang='lat' dir='ltr'>nenfium</span> <span class='ocrx_word' id='word_1_590' title='bbox 281 2762 371 2803; x_wconf 83' lang='lat' dir='ltr'>fines</span> <span class='ocrx_word' id='word_1_591' title='bbox 379 2767 489 2805; x_wconf 86' lang='lat' dir='ltr'>venit;</span> <span class='ocrx_word' id='word_1_592' title='bbox 498 2778 567 2819; x_wconf 80' lang='lat' dir='ltr'>quae</span> <span class='ocrx_word' id='word_1_593' title='bbox 573 2761 622 2802; x_wconf 74' lang='lat' dir='ltr'>ibi</span> <span class='ocrx_word' id='word_1_594' title='bbox 626 2763 751 2818; x_wconf 81' lang='lat' dir='ltr'>sepulta</span> <span class='ocrx_word' id='word_1_595' title='bbox 759 2794 769 2811; x_wconf 90' lang='lat'>,</span> <span class='ocrx_word' id='word_1_596' title='bbox 777 2766 854 2802; x_wconf 75' lang='lat' dir='ltr'>vico</span> <span class='ocrx_word' id='word_1_597' title='bbox 861 2776 983 2802; x_wconf 83' lang='lat' dir='ltr'>nomen</span> <span class='ocrx_word' id='word_1_598' title='bbox 991 2763 1127 2818; x_wconf 82' lang='lat' dir='ltr'>reliquit</span> <span class='ocrx_word' id='word_1_599' title='bbox 1135 2794 1143 2802; x_wconf 95' lang='lat'><strong><em>.</em></strong></span> <span class='ocrx_word' id='word_1_600' title='bbox 1157 2765 1201 2803; x_wconf 90' lang='lat' dir='ltr'>In</span> <span class='ocrx_word' id='word_1_601' title='bbox 1209 2763 1319 2805; x_wconf 85' lang='lat' dir='ltr'>altera</span> <span class='ocrx_word' id='word_1_602' title='bbox 1332 2770 1475 2805; x_wconf 91' lang='lat' dir='ltr'>viarum</span> <span class='ocrx_word' id='word_1_603' title='bbox 1482 2798 1492 2814; x_wconf 86' lang='lat'>,</span> <span class='ocrx_word' id='word_1_604' title='bbox 1502 2782 1584 2821; x_wconf 80' lang='lat' dir='ltr'>quae</span> <span class='ocrx_word' id='word_1_605' title='bbox 1601 2768 1819 2809; x_wconf 89' lang='lat' dir='ltr'>Orchome-</span> 
     </span>
     <span class='ocr_line' id='line_1_53' title="bbox 100 2818 1819 2877; baseline 0.002 -16"><span class='ocrx_word' id='word_1_606' title='bbox 100 2836 195 2862; x_wconf 89' lang='lat' dir='ltr'>num</span> <span class='ocrx_word' id='word_1_607' title='bbox 203 2819 438 2860; x_wconf 88' lang='lat' dir='ltr'>contendunt</span> <span class='ocrx_word' id='word_1_608' title='bbox 445 2851 455 2869; x_wconf 87' lang='lat'>,</span> <span class='ocrx_word' id='word_1_609' title='bbox 465 2819 637 2860; x_wconf 81' lang='lat' dir='ltr'>Anchisia</span> <span class='ocrx_word' id='word_1_610' title='bbox 643 2833 754 2859; x_wconf 88' lang='lat' dir='ltr'>mons</span> <span class='ocrx_word' id='word_1_611' title='bbox 763 2819 829 2861; x_wconf 82' lang='lat' dir='ltr'>est3</span> <span class='ocrx_word' id='word_1_612' title='bbox 841 2824 881 2858; x_wconf 67' lang='grc' dir='ltr'>δέ</span> <span class='ocrx_word' id='word_1_613' title='bbox 888 2818 935 2859; x_wconf 87' lang='lat' dir='ltr'>ad</span> <span class='ocrx_word' id='word_1_614' title='bbox 945 2825 1066 2859; x_wconf 89' lang='lat' dir='ltr'>imum</span> <span class='ocrx_word' id='word_1_615' title='bbox 1074 2834 1249 2861; x_wconf 87' lang='lat' dir='ltr'>montem</span> <span class='ocrx_word' id='word_1_616' title='bbox 1257 2821 1425 2861; x_wconf 73' lang='lat' dir='ltr'>Anchisae</span> <span class='ocrx_word' id='word_1_617' title='bbox 1433 2822 1649 2877; x_wconf 87' lang='lat' dir='ltr'>sepulcrum.</span> <span class='ocrx_word' id='word_1_618' title='bbox 1667 2824 1771 2864; x_wconf 75' lang='lat' dir='ltr'>Cum</span> <span class='ocrx_word' id='word_1_619' title='bbox 1780 2840 1819 2865; x_wconf 91' lang='lat' dir='ltr'>e-</span> 
     </span>
     <span class='ocr_line' id='line_1_54' title="bbox 99 2876 1818 2935; baseline 0.001 -17"><span class='ocrx_word' id='word_1_620' title='bbox 99 2881 181 2918; x_wconf 81' lang='lat' dir='ltr'>nim</span> <span class='ocrx_word' id='word_1_621' title='bbox 189 2881 228 2916; x_wconf 90' lang='lat' dir='ltr'>in</span> <span class='ocrx_word' id='word_1_622' title='bbox 237 2877 397 2917; x_wconf 87' lang='lat' dir='ltr'>Siciliam</span> <span class='ocrx_word' id='word_1_623' title='bbox 413 2876 667 2915; x_wconf 86' lang='lat' dir='ltr'>tranfinitteret</span> <span class='ocrx_word' id='word_1_624' title='bbox 674 2877 862 2924; x_wconf 79' lang='lat' dir='ltr'>AEneas,in</span> <span class='ocrx_word' id='word_1_625' title='bbox 871 2877 1098 2916; x_wconf 88' lang='lat' dir='ltr'>Laconicam</span> <span class='ocrx_word' id='word_1_626' title='bbox 1106 2888 1240 2917; x_wconf 88' lang='lat' dir='ltr'>terram</span> <span class='ocrx_word' id='word_1_627' title='bbox 1249 2878 1394 2932; x_wconf 67' lang='lat' dir='ltr'>appulin</span> <span class='ocrx_word' id='word_1_628' title='bbox 1404 2892 1515 2934; x_wconf 89' lang='lat' dir='ltr'>atque</span> <span class='ocrx_word' id='word_1_629' title='bbox 1522 2880 1572 2919; x_wconf 88' lang='lat' dir='ltr'>ibi</span> <span class='ocrx_word' id='word_1_630' title='bbox 1580 2879 1818 2935; x_wconf 81' lang='lat' dir='ltr'>Aphrodifia-</span> 
     </span>
     <span class='ocr_line' id='line_1_55' title="bbox 101 2931 1821 2991; baseline 0.002 -16"><span class='ocrx_word' id='word_1_631' title='bbox 101 2935 149 2975; x_wconf 90' lang='lat' dir='ltr'>de</span> <span class='ocrx_word' id='word_1_632' title='bbox 157 2939 196 2973; x_wconf 69' lang='grc' dir='ltr'>δέ</span> <span class='ocrx_word' id='word_1_633' title='bbox 214 2935 230 2956; x_wconf 73' lang='lat'>4</span> <span class='ocrx_word' id='word_1_634' title='bbox 247 2931 570 2973; x_wconf 83' lang='lat' dir='ltr'>OEetidevrbibus</span> <span class='ocrx_word' id='word_1_635' title='bbox 579 2931 953 2979; x_wconf 88' lang='lat' dir='ltr'>conditis,Anchisem</span> <span class='ocrx_word' id='word_1_636' title='bbox 960 2945 1114 2987; x_wconf 87' lang='lat' dir='ltr'>patrem,</span> <span class='ocrx_word' id='word_1_637' title='bbox 1124 2936 1187 2988; x_wconf 89' lang='lat' dir='ltr'>qui</span> <span class='ocrx_word' id='word_1_638' title='bbox 1195 2965 1204 2981; x_wconf 95' lang='lat'>,</span> <span class='ocrx_word' id='word_1_639' title='bbox 1215 2933 1304 2973; x_wconf 71' lang='lat' dir='ltr'>cum</span> <span class='ocrx_word' id='word_1_640' title='bbox 1311 2937 1350 2972; x_wconf 91' lang='lat' dir='ltr'>in</span> <span class='ocrx_word' id='word_1_641' title='bbox 1359 2934 1439 2975; x_wconf 73' lang='lat' dir='ltr'>hatc</span> <span class='ocrx_word' id='word_1_642' title='bbox 1446 2936 1529 2976; x_wconf 88' lang='lat' dir='ltr'>loca</span> <span class='ocrx_word' id='word_1_643' title='bbox 1536 2951 1760 2991; x_wconf 86' lang='lat' dir='ltr'>quacunque</span> <span class='ocrx_word' id='word_1_644' title='bbox 1773 2937 1821 2978; x_wconf 87' lang='lat' dir='ltr'>de</span> 
     </span>
     <span class='ocr_line' id='line_1_56' title="bbox 101 2987 1819 3046; baseline 0.001 -15"><span class='ocrx_word' id='word_1_645' title='bbox 101 2990 205 3031; x_wconf 83' lang='lat' dir='ltr'>causa</span> <span class='ocrx_word' id='word_1_646' title='bbox 215 2987 374 3037; x_wconf 73' lang='lat' dir='ltr'>veniss&#39;er,</span> <span class='ocrx_word' id='word_1_647' title='bbox 382 2987 484 3028; x_wconf 91' lang='lat' dir='ltr'>diem</span> <span class='ocrx_word' id='word_1_648' title='bbox 492 2989 596 3028; x_wconf 88' lang='lat' dir='ltr'>suum</span> <span class='ocrx_word' id='word_1_649' title='bbox 604 2988 756 3036; x_wconf 89' lang='lat' dir='ltr'>obierat,</span> <span class='ocrx_word' id='word_1_650' title='bbox 764 2988 811 3028; x_wconf 90' lang='lat' dir='ltr'>ad</span> <span class='ocrx_word' id='word_1_651' title='bbox 819 2988 1038 3042; x_wconf 83' lang='lat' dir='ltr'>sepulturam</span> <span class='ocrx_word' id='word_1_652' title='bbox 1046 2989 1188 3029; x_wconf 91' lang='lat' dir='ltr'>ibidem</span> <span class='ocrx_word' id='word_1_653' title='bbox 1195 2989 1305 3030; x_wconf 87' lang='lat' dir='ltr'>dedit.</span> <span class='ocrx_word' id='word_1_654' title='bbox 1314 2991 1496 3031; x_wconf 81' lang='lat' dir='ltr'>Anchifiae</span> <span class='ocrx_word' id='word_1_655' title='bbox 1504 2996 1627 3046; x_wconf 86' lang='lat' dir='ltr'>itaque</span> <span class='ocrx_word' id='word_1_656' title='bbox 1641 2997 1763 3032; x_wconf 91' lang='lat' dir='ltr'>monti</span> <span class='ocrx_word' id='word_1_657' title='bbox 1772 2993 1819 3033; x_wconf 91' lang='lat' dir='ltr'>ab</span> 
     </span>
     <span class='ocr_line' id='line_1_57' title="bbox 101 3042 1819 3102; baseline 0.001 -15"><span class='ocrx_word' id='word_1_658' title='bbox 101 3046 262 3087; x_wconf 82' lang='lat' dir='ltr'>Anchisa</span> <span class='ocrx_word' id='word_1_659' title='bbox 270 3059 412 3085; x_wconf 85' lang='lat' dir='ltr'>nomen</span> <span class='ocrx_word' id='word_1_660' title='bbox 421 3044 582 3085; x_wconf 87' lang='lat' dir='ltr'>inditum</span> <span class='ocrx_word' id='word_1_661' title='bbox 592 3073 599 3083; x_wconf 86' lang='lat'><em>.</em></span> <span class='ocrx_word' id='word_1_662' title='bbox 609 3046 710 3084; x_wconf 90' lang='lat' dir='ltr'>Huic</span> <span class='ocrx_word' id='word_1_663' title='bbox 720 3048 770 3084; x_wconf 91' lang='lat' dir='ltr'>rei</span> <span class='ocrx_word' id='word_1_664' title='bbox 777 3044 893 3084; x_wconf 88' lang='lat' dir='ltr'>fidem</span> <span class='ocrx_word' id='word_1_665' title='bbox 901 3044 1000 3093; x_wconf 85' lang='lat' dir='ltr'>facit,</span> <span class='ocrx_word' id='word_1_666' title='bbox 1016 3042 1121 3100; x_wconf 71' lang='lat' dir='ltr'>quod</span> <span class='ocrx_word' id='word_1_667' title='bbox 1130 3046 1316 3086; x_wconf 84' lang='lat' dir='ltr'>AEolenses</span> <span class='ocrx_word' id='word_1_668' title='bbox 1326 3051 1389 3102; x_wconf 90' lang='lat' dir='ltr'>qui</span> <span class='ocrx_word' id='word_1_669' title='bbox 1397 3060 1499 3087; x_wconf 78' lang='lat' dir='ltr'>aetate</span> <span class='ocrx_word' id='word_1_670' title='bbox 1508 3049 1629 3088; x_wconf 85' lang='lat' dir='ltr'>nostra</span> <span class='ocrx_word' id='word_1_671' title='bbox 1637 3049 1747 3088; x_wconf 88' lang='lat' dir='ltr'>Ilium</span> <span class='ocrx_word' id='word_1_672' title='bbox 1762 3053 1819 3088; x_wconf 85' lang='lat' dir='ltr'>iu-</span> 
     </span>
     <span class='ocr_line' id='line_1_58' title="bbox 102 3100 1819 3159; baseline 0.002 -16"><span class='ocrx_word' id='word_1_673' title='bbox 102 3101 427 3157; x_wconf 85' lang='lat' dir='ltr'>colunt,nusquam</span> <span class='ocrx_word' id='word_1_674' title='bbox 436 3101 606 3141; x_wconf 69' lang='lat' dir='ltr'>Anchisae</span> <span class='ocrx_word' id='word_1_675' title='bbox 613 3101 800 3140; x_wconf 87' lang='lat' dir='ltr'>tumulum</span> <span class='ocrx_word' id='word_1_676' title='bbox 808 3100 1016 3142; x_wconf 87' lang='lat' dir='ltr'>ostendunt.</span> <span class='ocrx_word' id='word_1_677' title='bbox 1022 3101 1205 3143; x_wconf 89' lang='lat' dir='ltr'>Adiacent</span> <span class='ocrx_word' id='word_1_678' title='bbox 1213 3103 1335 3142; x_wconf 89' lang='lat' dir='ltr'>Anchi</span> <span class='ocrx_word' id='word_1_679' title='bbox 1340 3103 1381 3142; x_wconf 56' lang='grc' dir='ltr'>[τε</span> <span class='ocrx_word' id='word_1_680' title='bbox 1392 3104 1819 3159; x_wconf 82' lang='lat' dir='ltr'>sepulcro,tcmpli,quod</span> 
     </span>
     <span class='ocr_line' id='line_1_59' title="bbox 101 3156 1819 3214; baseline 0.002 -16"><span class='ocrx_word' id='word_1_681' title='bbox 101 3162 239 3199; x_wconf 88' lang='lat' dir='ltr'>Veneri</span> <span class='ocrx_word' id='word_1_682' title='bbox 256 3157 420 3198; x_wconf 84' lang='lat' dir='ltr'>dicatum</span> <span class='ocrx_word' id='word_1_683' title='bbox 434 3157 568 3207; x_wconf 88' lang='lat' dir='ltr'>fuerat,</span> <span class='ocrx_word' id='word_1_684' title='bbox 577 3156 722 3197; x_wconf 85' lang='lat' dir='ltr'>rudera.</span> <span class='ocrx_word' id='word_1_685' title='bbox 738 3159 831 3197; x_wconf 88' lang='lat' dir='ltr'>Sunt</span> <span class='ocrx_word' id='word_1_686' title='bbox 839 3161 950 3197; x_wconf 87' lang='lat' dir='ltr'>ctiam</span> <span class='ocrx_word' id='word_1_687' title='bbox 959 3158 1005 3198; x_wconf 89' lang='lat' dir='ltr'>ad</span> <span class='ocrx_word' id='word_1_688' title='bbox 1020 3158 1209 3198; x_wconf 74' lang='lat' dir='ltr'>Anchisias</span> <span class='ocrx_word' id='word_1_689' title='bbox 1218 3174 1392 3214; x_wconf 86' lang='lat' dir='ltr'>agrorum</span> <span class='ocrx_word' id='word_1_690' title='bbox 1405 3164 1500 3199; x_wconf 87' lang='lat' dir='ltr'>inter</span> <span class='ocrx_word' id='word_1_691' title='bbox 1515 3160 1766 3201; x_wconf 79' lang='lat' dir='ltr'>Mantinenles</span> <span class='ocrx_word' id='word_1_692' title='bbox 1779 3167 1819 3201; x_wconf 75' lang='grc' dir='ltr'>δε</span> 
     </span>
     <span class='ocr_line' id='line_1_60' title="bbox 103 3213 1819 3271; baseline 0.001 -15"><span class='ocrx_word' id='word_1_693' title='bbox 103 3215 384 3256; x_wconf 88' lang='lat' dir='ltr'>Orchomenios</span> <span class='ocrx_word' id='word_1_694' title='bbox 396 3217 553 3253; x_wconf 88' lang='lat' dir='ltr'>termini.</span> <span class='ocrx_word' id='word_1_695' title='bbox 623 3214 721 3252; x_wconf 86' lang='lat' dir='ltr'>Intra</span> <span class='ocrx_word' id='word_1_696' title='bbox 729 3213 1078 3254; x_wconf 83' lang='lat' dir='ltr'>Orchomeniortun</span> <span class='ocrx_word' id='word_1_697' title='bbox 1087 3214 1177 3255; x_wconf 85' lang='lat' dir='ltr'>fines</span> <span class='ocrx_word' id='word_1_698' title='bbox 1186 3215 1234 3254; x_wconf 87' lang='lat' dir='ltr'>ad</span> <span class='ocrx_word' id='word_1_699' title='bbox 1240 3219 1308 3254; x_wconf 80' lang='lat' dir='ltr'>viae</span> <span class='ocrx_word' id='word_1_700' title='bbox 1316 3216 1502 3263; x_wconf 80' lang='lat' dir='ltr'>laeuam,iis</span> <span class='ocrx_word' id='word_1_701' title='bbox 1510 3221 1573 3271; x_wconf 87' lang='lat' dir='ltr'>qui</span> <span class='ocrx_word' id='word_1_702' title='bbox 1583 3216 1628 3256; x_wconf 92' lang='lat' dir='ltr'>ab</span> <span class='ocrx_word' id='word_1_703' title='bbox 1636 3218 1819 3257; x_wconf 82' lang='lat' dir='ltr'>Anchifiis</span> 
     </span>
     <span class='ocr_line' id='line_1_61' title="bbox 99 3269 1820 3328; baseline 0.001 -17"><span class='ocrx_word' id='word_1_704' title='bbox 99 3271 244 3328; x_wconf 85' lang='lat' dir='ltr'>digreffi</span> <span class='ocrx_word' id='word_1_705' title='bbox 256 3271 402 3319; x_wconf 89' lang='lat' dir='ltr'>fuerint,</span> <span class='ocrx_word' id='word_1_706' title='bbox 411 3273 450 3309; x_wconf 91' lang='lat' dir='ltr'>in</span> <span class='ocrx_word' id='word_1_707' title='bbox 458 3269 590 3311; x_wconf 89' lang='lat' dir='ltr'>decliui</span> <span class='ocrx_word' id='word_1_708' title='bbox 597 3273 735 3311; x_wconf 87' lang='lat' dir='ltr'>montis</span> <span class='ocrx_word' id='word_1_709' title='bbox 741 3283 842 3325; x_wconf 87' lang='lat' dir='ltr'>parte</span> <span class='ocrx_word' id='word_1_710' title='bbox 849 3269 942 3311; x_wconf 84' lang='lat' dir='ltr'>aedes</span> <span class='ocrx_word' id='word_1_711' title='bbox 951 3271 1002 3311; x_wconf 91' lang='lat' dir='ltr'>est</span> <span class='ocrx_word' id='word_1_712' title='bbox 1013 3272 1158 3321; x_wconf 84' lang='lat' dir='ltr'>Dianae,</span> <span class='ocrx_word' id='word_1_713' title='bbox 1167 3273 1342 3324; x_wconf 76' lang='lat' dir='ltr'>Hymniae</span> <span class='ocrx_word' id='word_1_714' title='bbox 1350 3285 1574 3326; x_wconf 78' lang='lat' dir='ltr'>cognomento.</span> <span class='ocrx_word' id='word_1_715' title='bbox 1585 3277 1621 3311; x_wconf 85' lang='lat' dir='ltr'>in</span> <span class='ocrx_word' id='word_1_716' title='bbox 1631 3288 1673 3313; x_wconf 81' lang='lat' dir='ltr'>ea</span> <span class='ocrx_word' id='word_1_717' title='bbox 1684 3275 1820 3315; x_wconf 85' lang='lat' dir='ltr'>Manti-</span> 
     </span>
     <span class='ocr_line' id='line_1_62' title="bbox 1480 3331 1593 3379; baseline -0.009 -11"><span class='ocrx_word' id='word_1_718' title='bbox 1480 3331 1501 3368; x_wconf 84' lang='lat' dir='ltr'>S</span> <span class='ocrx_word' id='word_1_719' title='bbox 1562 3333 1593 3379; x_wconf 77' lang='lat' dir='ltr'>iij</span> 
     </span>
    </p>
   </div>
  </div>
 </body>
</html>
