2047 3665
37 745 77 770 10

34 1306 81 1332 20

37 1869 79 1908 30

30 2431 82 2467 40

576 148 839 192 LIBER
896 151 1310 208 QV1NTvs.
1754 167 1815 203 ψ

101 242 260 267 numero
269 224 493 282 superstitem
501 225 521 266 ὲ
529 240 606 266 tota
614 225 801 274 sobole,de
813 231 999 282 virginum
1007 226 1111 267 cursu
1119 229 1284 282 palmam
1291 225 1481 270 tulisseDe
1489 228 1632 270 Niobes
1642 228 1817 285 equidem

102 285 204 339 prole
213 282 390 339 quicquid
404 295 642 338 compertum
649 281 763 321 habui
772 313 782 330 ,
797 282 890 322 dum
904 285 1133 337 Argiuorum
1148 298 1202 323 res
1217 284 1466 339 persequerer,
1479 286 1637 341 exposui.
1697 284 1822 340 Qod

101 344 229 379 attinet
238 348 361 379 autern
369 337 416 378 ad
431 351 458 376 x
468 352 493 378 v
504 352 516 376 1
532 351 788 377 matronarum
797 340 998 394 collegium
1005 369 1015 386 ,
1024 353 1153 392 praeter
1161 354 1204 379 ea
1217 354 1300 394 quae
1307 340 1417 393 paulo
1425 341 1582 395 superius
1591 342 1719 396 scripta
1728 342 1820 389 sunt,

100 394 177 435 hoc
185 400 295 435 etiam
304 394 458 448 amplius
466 403 691 433 memorant:
701 394 990 449 Demophotem
998 394 1083 434 Pisae
1091 408 1300 448 tyrannmn,
1311 397 1433 435 multis
1443 412 1485 436 ac
1491 398 1662 451 grauibus
1671 403 1820 437 incom-

102 451 224 491 modis
231 451 339 489 Eleos
351 447 522 489 affecisse:
532 465 578 489 eo
588 463 751 497 mortuo,
761 449 867 505 quod
874 449 933 490 ille
941 449 1032 488 nihil
1040 464 1162 505 egerat
1169 450 1216 490 de
1224 451 1372 505 publico
1382 455 1534 491 ciuitatis
1543 453 1820 502 confilio,rhcile

101 507 177 546 Elei
184 505 333 546 adducti
341 505 474 553 sunt,Vt
483 505 529 546 de
536 509 575 545 iis
585 520 673 560 quas
682 520 896 560 acceperant
904 509 1052 553 iniuriis,
1063 521 1172 561 aequo
1180 511 1257 546 itu-e
1268 507 1479 554 cumPisaeis
1487 507 1736 563 disceptarent.
1762 510 1820 548 Ac

103 575 191 601 tunc
199 561 220 599 s
212 561 281 601 ane
289 566 383 601 inter
390 560 483 615 ipsos
498 565 675 602 conuenit
683 592 693 610 ,
703 576 741 602 vt
750 562 838 601 etim
846 566 1007 601 ciuitates
1015 561 1054 602 id
1063 567 1238 617 temporis
1246 566 1285 601 in
1295 563 1381 602 Elea
1390 562 1549 603 sedecim
1556 578 1722 619 Vigerent
1729 597 1739 613 ,
1748 565 1819 603 fin-

100 618 194 673 gula:
202 631 415 658 matronam
430 629 545 657 vnam
553 617 714 666 ederent,
725 633 807 672 quae
815 617 903 657 cum
911 631 1025 666 astate,
1035 631 1116 657 turn
1123 622 1205 658 vitae
1214 634 1257 659 ac
1263 622 1404 674 generis
1415 618 1591 674 dignitate
1600 634 1745 661 caeteras
1754 636 1820 660 an-

102 678 148 713 tei
153 688 190 713 re
204 673 404 727 videretur;
414 686 525 728 atque
537 688 576 713 vt
590 674 645 713 his
660 678 834 714 omnium
849 674 1182 714 controuerfiarum
1196 675 1386 717 arbitrium
1401 679 1684 730 permitteretur.
1707 676 1821 716 Sede-

102 733 176 769 cim
184 734 307 784 itaque
315 729 480 769 ferminae
487 730 507 769 ἐ
516 729 672 770 totidem
679 729 788 769 Elidis
796 730 945 769 vrbibus
953 734 1097 785 Vtrique
1111 732 1252 785 populo
1261 734 1358 786 pacis
1373 730 1605 771 conditiones
1615 733 1737 773 tulere.
1748 732 1822 771 Eis-

101 784 191 825 dem
198 785 290 825 vero
298 785 423 840 postea
431 791 470 825 δε
477 785 596 834 ludos,
610 800 692 841 quae
700 787 857 825 Iunonia
864 784 945 825 sunt
952 788 1130 840 appellata
1137 819 1147 835 ,
1156 787 1335 835 faciendi,
1344 793 1384 827 δε
1390 789 1543 842 peplum
1557 789 1692 828 Iunoni
1702 801 1821 842 perte-

101 841 213 882 xendi
220 857 307 881 cura
320 841 495 882 mandata
501 842 563 882 est.
574 841 824 894 Duoseedem
832 841 967 882 choros
974 843 1169 885 celebrann
1182 843 1351 898 Physcoae
1360 859 1491 891 vnum,
1506 844 1661 884 alterum
1672 847 1821 900 Hippo—

101 897 234 946 damiae
241 902 415 938 vocitant.
426 897 539 938 Fuisse
548 897 735 951 Physcoan
742 897 890 938 tradunt
898 912 942 938 ex
950 897 1129 947 Elide,cui
1138 900 1254 939 Coelae
1266 900 1368 954 (quod
1371 900 1414 949 est
1423 903 1576 948 concauae)
1588 915 1821 957 cognomen:

100 953 336 994 domicilium
353 958 392 993 in
399 958 498 994 curia
511 953 620 994 Elidis
629 952 805 1001 habuisse,
815 969 897 1008 quae
913 955 1048 994 Orthia
1060 954 1157 995 dieta
1171 956 1238 996 est:
1248 955 1268 995 εὶ
1282 956 1418 997 Libero
1428 958 1533 997 Patre
1549 956 1777 1005 adamatam,
1787 960 1820 996 ei

100 1009 219 1050 filium
228 1042 238 1059 ,
248 1014 306 1050 cui
315 1012 460 1051 Narcaei
473 1020 617 1050 nomen
625 1042 634 1057 ‚
643 1009 832 1064 peperisse:
847 1011 1047 1050 Narcaeum
1060 1011 1177 1065 ipsum
1186 1016 1262 1051 iam
1276 1012 1444 1053 adultum
1451 1045 1462 1061 ‚
1471 1027 1559 1053 cum
1568 1013 1732 1054 finitimis
1742 1014 1820 1053 bel-

101 1065 199 1106 lass'e:
215 1081 366 1122 magnas
378 1066 466 1107 inde
475 1081 562 1120 opes
578 1066 816 1106 consecutum
825 1097 835 1114 ,
845 1067 1074 1106 &Mineruae
1083 1097 1092 1115 ,
1106 1083 1221 1122 quam
1235 1068 1283 1108 de
1291 1068 1324 1108 se
1335 1070 1531 1109 Narcaeam
1547 1071 1758 1124 appellauit,
1773 1085 1821 1110 εε-

101 1122 193 1162 dem
201 1120 381 1163 dedicasse
390 1140 398 1165 3
409 1121 654 1177 primumque
665 1127 837 1162 omnium
853 1123 995 1162 Libero«
1003 1124 1099 1162 Patri
1113 1124 1275 1164 honores
1290 1123 1503 1165 decreuisse.
1520 1126 1692 1180 Physcoae
1707 1131 1747 1166 &
1763 1127 1819 1178 alij

100 1178 264 1219 honores
278 1179 393 1219 habiti
402 1210 412 1227 ,
421 1184 459 1218 &
467 1179 600 1219 chorus
615 1179 703 1218 alter
711 1178 757 1218 ab
769 1192 813 1219 ea
820 1192 963 1218 nomen
978 1178 1139 1233 sumpsit..
1151 1182 1305 1220 Seruant
1314 1180 1390 1220 Elei
1398 1182 1591 1235 pristinum·
1598 1183 1705 1221 illum
1720 1181 1822 1223 sede-

105 1239 181 1274 cim
188 1236 390 1275 mulierum
399 1248 601 1275 numerum
609 1266 619 1282 ,
628 1233 687 1274 sed
695 1249 740 1274 ex
752 1236 820 1274 alia
829 1265 839 1283 ,
848 1234 964 1289 quam
972 1234 1129 1274 totidem
1138 1235 1285 1275 vrbium
1293 1236 1587 1291 descriptionem
1595 1239 1707 1278 tribus
1719 1243 1822 1279 enim

104 1292 191 1340 orfito
201 1291 379 1331 distributi
390 1323 399 1339 ,
409 1293 429 1331 ἐ
437 1291 582 1346 lingulis
599 1291 701 1331 binas
715 1291 890 1346 deligunt.
902 1292 1039 1346 Neque
1052 1291 1140 1331 vero
1151 1306 1211 1331 aut
1228 1305 1255 1331 x
1265 1307 1291 1332 v
1301 1308 1314 1332 1
1330 1292 1507 1341 foeminae,
1517 1308 1578 1333 aut
1586 1294 1705 1334 aediles
1712 1296 1823 1335 Eleo-

103 1362 188 1387 rum
198 1379 207 1396 ,
217 1348 331 1387 vllam
340 1352 521 1403 attingunt
535 1358 735 1387 munerum
744 1347 892 1388 suorum
906 1362 1065 1403 partem,
1075 1348 1284 1403 priusquam
1293 1349 1326 1389 se
1340 1351 1512 1403 piaculari
1526 1349 1586 1389 sue
1602 1354 1642 1389 <Sc
1656 1366 1751 1405 aqua
1765 1352 1822 1390 lu—

105 1404 247 1444 strarint
255 1435 263 1442 .
272 1405 365 1444 Eam
379 1405 631 1444 lustrationem
639 1403 685 1443 ad
694 1405 823 1444 Pieran
831 1403 977 1444 fontem
985 1403 1176 1458 stil'cipiunt
1184 1436 1192 1443 .
1204 1405 1265 1444 Est
1274 1406 1358 1445 fons
1373 1403 1432 1445 ille
1439 1410 1478 1444 in
1489 1410 1627 1461 campis
1635 1438 1645 1454 ,
1655 1421 1718 1460 per
1727 1421 1822 1462 quos

102 1465 169 1500 iter
177 1460 228 1514 est
236 1475 281 1500 ex
290 1461 467 1515 Olympia
473 1460 618 1500 Elidem
627 1460 935 1500 contendentibus
944 1491 952 1499 .
963 1461 1056 1500 Haec
1063 1460 1145 1500 lane
1153 1465 1201 1501 ita
1209 1461 1242 1501 se
1255 1461 1393 1502 habent
1400 1466 1452 1501 vti
1460 1462 1621 1516 exposita
1630 1463 1719 1502 sunt.
1778 1464 1823 1502 In

102 1517 254 1556 Iunonis
268 1518 408 1571 templo
418 1517 514 1556 Iouis
523 1516 574 1557 est
581 1516 832 1558 fimulacrtin13
844 1518 1082 1556 tumlunonis
1101 1517 1206 1572 ipfius
1213 1523 1253 1557 in
1267 1518 1356 1559 solio
1369 1517 1504 1558 sedens.
1518 1518 1638 1558 affistit
1654 1518 1823 1559 barbatu-

101 1573 157 1612 lus
166 1572 331 1627 quidam,
339 1575 441 1628 galea
449 1586 615 1613 armatus.
625 1572 731 1627 ijsca
739 1573 819 1613 haec
829 1573 874 1618 ό*
881 1572 978 1613 rudis
988 1573 1176 1614 cuiusdam
1191 1573 1323 1628 opificij
1334 1588 1446 1629 opera
1460 1575 1540 1614 sunt
1548 1604 1556 1613 .
1574 1574 1750 1615 Sedentes
1758 1590 1823 1615 ve-

102 1628 146 1669 ro
156 1628 327 1683 deinceps
335 1634 374 1668 in
382 1629 473 1669 soliis
482 1630 603 1669 Horas
610 1659 620 1678 ‚
633 1629 719 1669 fecit
726 1629 864 1668 Emilus
880 1631 1059 1684 AEgineta.
1070 1629 1191 1685 Qod
1200 1635 1372 1684 proximo
1387 1631 1473 1670 loco
1481 1630 1679 1671 Themidis
1690 1638 1700 1682 (
1706 1642 1837 1674 mater„

102 1689 206 1724 enim
213 1700 256 1725 ea
263 1686 453 1725 Horarum
462 1686 529 1733 est)
541 1686 687 1740 iignum
695 1685 854 1740 politum
862 1685 914 1725 est
922 1717 932 1733 ,
941 1685 1027 1725 fecit
1034 1686 1253 1739 Doryclidas
1269 1686 1576 1726 Lacedaemonius
1585 1718 1595 1735 ,
1609 1689 1766 1741 Dipoeni
1784 1693 1824 1727 ὃς

106 1740 271 1796 Scyllidis
286 1740 488 1796 discipulus.
505 1741 723 1795 Hesperides
731 1741 820 1782 vero
829 1745 997 1796 quinque
1005 1773 1015 1789 ,
1025 1756 1117 1796 opus
1126 1740 1228 1781 fuere
1240 1741 1417 1796 Theoclis
1425 1746 1516 1782 item
1532 1742 1823 1794 Lacedaemonij,

103 1811 220 1853 quem
237 1797 496 1852 Hegylifilium
509 1796 629 1846 fuiffe,
638 1798 731 1837 &ab
744 1797 870 1838 iisdem
880 1797 1055 1853 magistris
1070 1798 1241 1852 Dipoeno
1254 1803 1292 1837 &
1309 1798 1466 1852 Scyllide
1474 1812 1590 1838 artem
1599 1798 1761 1839 didicisse
1769 1801 1826 1840 fe-

105 1867 190 1902 runt
199 1885 208 1893 .
223 1855 274 1893 At
281 1854 497 1893 Mineruam
510 1853 641 1894 callide
655 1866 834 1894 ‘armatam
843 1886 853 1903 ,
863 1854 962 1894 hasta
976 1853 1142 1902 &scuto‚
1152 1853 1345 1894 Medontis
1360 1854 1636 1906 Lacedaemonij
1654 1854 1723 1895 effe
1732 1871 1824 1910 opus

104 1923 334 1951 memorant:
347 1909 498 1961 fratrem
512 1910 613 1950 hunc
621 1909 833 1965 Doryclidae
843 1908 946 1950 fuiffe
955 1941 964 1958 ‚
974 1915 1014 1949 δε
1028 1909 1179 1950 eosdem
1192 1910 1383 1965 magistros
1398 1910 1559 1951 habuisse
1570 1942 1577 1949 .
1594 1911 1732 1951 Sedent
1740 1913 1760 1951 e
1768 1927 1824 1952 re-

103 1971 217 2022 gione
232 1967 345 2006 Ceres
358 1967 634 2020 &Proserpinaz
651 1966 789 2007 aduersi
796 1966 891 2007 stant
907 1966 1045 2021 Apollo
1060 1970 1100 2004 δεῖ
1114 1968 1255 2006 Diana.
1272 1966 1391 2006 Posita
1405 1966 1486 2005 sunt
1499 1967 1641 2007 ibidem
1657 1969 1823 2016 Latonae,

103 2024 274 2063 Fortunae
285 2054 295 2070 ,
306 2022 427 2062 Liberi
443 2023 554 2062 Patris
563 2054 573 2071 ,
582 2027 621 2061 &
635 2024 793 2063 volucris
809 2023 983 2062 Vicroriae
999 2022 1108 2077 figna.
1122 2023 1247 2076 Atque
1260 2022 1340 2062 hacc
1355 2021 1510 2076 quidem
1518 2027 1620 2062 cuius
1630 2023 1773 2063 artificis
1782 2039 1826 2063 o·-

106 2093 192 2133 pera
200 2078 285 2126 fint,
295 2078 746 2133 compertumnonhabeo
755 2096 763 2120 ;
777 2078 883 2118 valde
891 2082 1051 2117 omnino
1067 2077 1158 2116 mihi
1175 2077 1286 2131 prisca
1300 2077 1483 2117 videntur.
1502 2079 1548 2117 Et
1564 2078 1645 2118 sunt
1659 2094 1741 2133 quae
1755 2079 1827 2119 hac
1853 2106 1861 2113 ·

104 2139 144 2174 in
153 2148 253 2190 parte
267 2134 446 2182 recensui,
456 2138 585 2175 omnia
598 2148 643 2173 ex
652 2134 810 2173 ebore&
825 2149 931 2172 auro.
948 2133 1199 2173 Posteriorum
1213 2146 1362 2173 aetatum
1380 2135 1495 2173 &alia
1509 2133 1589 2174 sunt
1603 2134 1705 2174 dona
1717 2139 1757 2174 in
1764 2136 1824 2175 Ιιι-εἰ

107 2195 216 2231 nonis
225 2191 385 2244 tem-ploz
399 2191 419 2230 ἐ
435 2201 621 2229 marmore
636 2190 842 2228 Mercurius
857 2189 1039 2228 infantem
1060 2188 1250 2228 Bacchum
1272 2202 1438 2243 portans,
1456 2191 1638 2243 Praxitelis
1658 2204 1748 2246 opus
1762 2209 1770 2234 ς
1786 2196 1827 2231 δε

107 2248 261 2287 Cleonis
277 2248 435 2300 Sicyonij
455 2260 500 2285 ex
508 2260 576 2285 aere
594 2247 730 2284 Venus.
748 2246 828 2284 Fuit
848 2245 1000 2284 Cleonis
1019 2244 1152 2284 dostor
1166 2245 1407 2299 Antiphanes.
1424 2245 1527 2286 Hica
1542 2247 1723 2288 Pericleto
1732 2247 1828 2288 didi=

104 2318 221 2351 cerat,
239 2304 367 2358 Argiui
383 2302 559 2356 Polycleti
574 2300 765 2355 discipulo.
783 2299 894 2341 Sedet
908 2300 1115 2340 adveneris
1127 2299 1237 2355 pedes
1257 2305 1440 2342 inauratus
1448 2302 1550 2356 pusio
1565 2302 1696 2345 nudus3
1710 2317 1829 2359 quem

107 2357 414 2414 Carthaginiensis
429 2358 628 2397 elaborauit
645 2357 817 2397 Boethus.
839 2358 844 2371 ¹
863 2370 972 2411 atque
985 2356 1060 2395 huc
1073 2356 1302 2411 transpositus
1318 2358 1473 2413 quidem
1481 2358 1533 2398 est
1548 2373 1593 2398 ex
1614 2358 1708 2408 aede,
1722 2355 1828 2414 quod

108 2416 341 2471 Philippeum
363 2424 526 2454 vocatur.
543 2415 635 2454 Sunt
650 2412 865 2468 haecitidem
879 2428 925 2452 ex
937 2412 1050 2452 ebore
1064 2416 1244 2456 inam-arm
1263 2418 1302 2454 &
1315 2419 1410 2454 inter
1423 2429 1466 2454 ea
1475 2414 1656 2468 Eurydice
1670 2416 1829 2471 Philippi

134 2473 196 2511 lia.
206 2474 303 2511 Arca
323 2475 435 2511 etiam
448 2474 485 2509 in
492 2485 527 2510 eo
543 2471 662 2521 templo
678 2469 791 2523 posita
805 2469 856 2509 est
869 2467 1028 2516 ecedro‚
1040 2483 1129 2508 cum
1143 2473 1258 2510 aureis
1273 2475 1311 2509 δέ
1327 2470 1469 2511 eboreis
1485 2471 1733 2519 emblematis,
1747 2487 1829 2527 para

109 2532 177 2567 tim
191 2527 281 2568 vero
295 2542 340 2567 ex
348 2526 481 2567 eadem
496 2526 610 2566 cedro
619 2527 767 2566 caelatis.
784 2527 826 2564 In
840 2539 962 2565 arcam
970 2525 1068 2565 hanc
1078 2525 1276 2580 Cypselum
1285 2557 1295 2574 ,
1311 2531 1375 2581 qui
1385 2526 1558 2567 Corinthi
1573 2528 1698 2581 postea
1706 2542 1827 2583 tyran-

110 2583 239 2624 nidem
247 2581 297 2623 est
311 2582 460 2637 adeprus
469 2615 479 2631 ,
488 2596 605 2622 mater
613 2582 672 2621 sua
680 2581 835 2630 abdidit,
848 2581 936 2621 cum
945 2581 1070 2621 recens
1079 2596 1208 2621 natum
1218 2582 1410 2623 Bacchidae
1418 2582 1466 2621 ad
1472 2590 1582 2622 necem
1591 2598 1727 2639 magna
1736 2599 1824 2624 cum

109 2639 350 2680 sollicitudine
365 2639 614 2693 deposcerent.
631 2639 770 2678 Arcam
778 2636 913 2677 deinde
927 2641 965 2675 in
976 2639 1154 2692 Olympia
1167 2637 1383 2678 dedicarunt
1396 2639 1501 2694 ipfius
1515 2639 1667 2693 posteri,
1678 2644 1742 2695 qui
1751 2642 1827 2695 Cy-

110 2695 252 2751 pselidce
264 2695 343 2734 sunt
358 2696 542 2749 appellati,
553 2695 604 2734 ob
619 2693 800 2734 seruatum
810 2697 930 2749 gentis
939 2693 1005 2732 suae
1020 2698 1224 2749 principem
1233 2726 1243 2743 ,
1253 2699 1292 2733 &c
1304 2708 1504 2749 parentem.
1521 2696 1547 2734 F
1551 2693 1636 2735 m'ffe
1650 2696 1824 2743 verohoc

76 2777 84 2784 ·
108 2756 272 2792 nominis
290 2751 445 2804 Cypselo
462 2750 630 2798 traditur,
640 2749 746 2805 quod
760 2753 834 2789 cius
849 2752 958 2788 aetatis
975 2750 1159 2801 Corinthij
1175 2765 1273 2790 arcas
1283 2751 1452 2805 Cypselas
1466 2752 1742 2805 nuncupabant.
1756 2754 1767 2768 ²
1782 2754 1826 2792 In

33 2991 75 3028 50

108 2806 530 2860 arcaincisaestmtpriicis
542 2808 650 2846 literis
665 2805 932 2860 inscriptiones,
950 2806 1051 2845 reiro
1065 2805 1196 2846 ordine
1212 2807 1257 2851 ὠ·
1270 2809 1395 2853 vlt'tato
1404 2806 1624 2856 ftribentibus
1639 2808 1824 2862 quaedam,

108 2866 185 2904 aliae
194 2868 233 2902 in
239 2878 345 2918 gyros
354 2863 528 2901 reuoluta:
536 2894 546 2909 ,
556 2860 761 2912 Campum
775 2861 812 2912 (d
821 2862 917 2900 boum
927 2864 1042 2916 opinor
1053 2862 1336 2916 repetitisac'i'ibm
1349 2862 1494 2916 insulco)
1507 2864 1627 2903 Graeci
1636 2865 1773 2904 dicunt.
1790 2865 1826 2903 A

108 2919 296 2975 superioris
306 2923 408 2958 enim
417 2917 534 2957 versus
542 2918 616 2958 line
625 2921 859 2958 continenter
866 2916 1025 2957 finuatur
1032 2917 1080 2958 ad
1088 2918 1267 2972 sequentis
1279 2922 1426 2957 initium
1441 2919 1642 2959 verborum
1650 2919 1769 2967 serie-s,
1784 2932 1828 2959 'ea

109 2991 247 3029 nempe
256 2975 377 3014 forma
392 2989 473 3028 quie
482 2974 533 3013 est
540 2978 655 3014 iterati
665 2974 834 3012 curriculi
844 3004 853 3020 ,
863 2988 978 3028 quem
987 2973 1153 3013 diaulum
1168 2976 1358 3029 appellant.
1369 2974 1605 3029 Adscriptum
1615 2975 1666 3014 est
1674 3007 1683 3023 ,
1693 2976 1780 3014 alios
1789 2990 1828 3014 e-

109 3037 198 3073 titm
211 3030 280 3071 elib
289 3031 477 3085 perplexos
486 3029 800 3084 &inexplicabiles
815 3029 1093 3082 inscriptionum
1101 3044 1226 3070 nexus.
1239 3030 1361 3087 Qd
1370 3031 1394 3069 fi
1403 3031 1449 3070 ab
1457 3035 1533 3070 ima
1542 3045 1624 3070 arca
1633 3030 1776 3070 exorsus
1786 3046 1829 3070 o-

110 3092 212 3127 mnia
221 3088 335 3127 oculis
344 3086 568 3140 persequare,
577 3089 617 3124 in
624 3089 742 3139 prima
750 3084 871 3124 fronte
881 3086 1136 3125 OEnomaum
1149 3087 1314 3140 primum
1328 3086 1463 3134 videas,
1472 3091 1536 3140 qui
1550 3087 1730 3140 Pelopem
1738 3101 1828 3127 cum

110 3142 366 3197 Hippodamia.
380 3141 584 3196 rugientem
598 3154 701 3195 vrget
713 3171 720 3179 .
737 3142 832 3195 Bigis
847 3155 1002 3196 vterque
1014 3141 1200 3183 inuehitur
1208 3175 1217 3190 ‚
1235 3143 1296 3183 scd
1316 3147 1456 3196 pinnati
1470 3144 1549 3180 sunt
1566 3143 1710 3195 Pelopis
1729 3146 1826 3196 equi.

110 3200 213 3239 Tum
229 3198 443 3252 Amphiarai
451 3197 586 3237 domus
594 3197 699 3245 est,&
708 3196 1004 3250 Amphilochum
1013 3197 1195 3238 infantem
1203 3201 1323 3253 portas
1333 3213 1422 3238 anus
1430 3198 1551 3237 nescio
1561 3199 1729 3251 quae.Pro
1738 3197 1828 3236 fori-

113 3256 178 3296 bus
187 3256 327 3296 monile
334 3253 491 3308 prefer&
502 3253 669 3309 Eriphyle
676 3252 901 3295 stmAffisttu
909 3252 1482 3310 filiae,Eurydice,D.emonaffa‚&
1495 3252 1616 3295 nudus
1628 3254 1736 3295 Alcm
1741 3267 1825 3308 <2011-
1834 3298 1836 3300 .

1847 2603 1908 2646 165
