2047 3665
32 804 75 830 10

19 1364 69 1393 20

21 1932 64 1970 30

25 2494 79 2530 40

38 3056 82 3095 50

609 208 868 248 LIBER
926 207 1244 249 NONVS.
1745 224 1822 261 249

99 288 244 329 vinCtos
251 286 414 327 Thraces
422 284 727 334 abducerent,eos
735 284 824 325 cum
832 284 879 325 ad
887 284 1153 324 Haliartiorum
1161 283 1252 324 fines
1260 298 1417 325 ventum
1426 283 1681 335 eslet‚vinculis
1689 287 1826 328 solutos

99 345 190 386 deus
197 343 342 391 dimisit,
350 339 536 396 moxffillis
542 341 706 381 Thracas
714 341 848 382 somno
863 339 1049 395 oppressos
1064 339 1294 380 occidendos
1309 342 1471 395 praebuit.
1486 344 1658 383 Alterum
1673 343 1780 400 quod
1787 348 1828 383 in

100 416 144 441 ea
149 399 227 440 aede
234 398 379 454 signum
387 397 450 446 est,
460 399 624 438 Semeles
632 396 703 438 effe
709 397 839 438 dicunt
844 396 1019 437 Thebani
1028 413 1036 435 :
1046 411 1089 436 ac
1096 396 1192 436 statis
1209 395 1364 451 quidem
1375 398 1504 439 diebus
1522 405 1722 455 quotannis
1731 415 1828 442 tem-

99 458 203 512 plum
210 458 481 509 aperirepatrt'us
491 453 557 493 illis
565 468 659 494 mos.
669 455 763 494 Sunt
769 453 895 492 ibidem
903 454 992 507 Lyci
1000 452 1137 492 domus
1144 457 1271 501 ruinae,
1279 457 1319 491 &
1327 453 1534 508 sepulcrum
1542 458 1706 498 Semeles
1717 475 1725 496 ι
1735 471 1828 497 nam

99 512 291 551 Alcmenae
299 509 506 565 sepulcrum
513 512 565 550 n6
574 510 635 551 est;
649 509 707 550 sed
715 524 800 550 eam
810 509 1063 564 postmortem
1071 512 1111 547 in
1119 508 1283 563 lapidem
1292 511 1511 550 conuersam
1519 526 1716 553 memoran
1721 529 1744 554 t:
1758 529 1828 555 ne-

97 582 172 622 que
180 570 341 606 omnino
349 566 397 607 de
406 582 448 606 ea
454 565 558 606 idem
565 566 617 605 est
622 565 813 606 Thebanis
821 569 886 620 qui
895 563 1172 620 Megarensibus
1180 564 1311 605 sermo.
1325 564 1554 608 Dissentiunt
1562 573 1665 608 enim
1677 572 1827 625 plerun-

97 637 172 678 que
179 627 273 662 inter
281 622 314 662 se
322 624 397 662 aliis
405 626 496 663 item
504 621 551 662 de
559 621 666 661 rebus
680 621 858 677 plerisque
866 621 1042 661 omnibus
1051 622 1183 661 Graeci.
1192 621 1321 662 Ereika
1334 625 1446 662 etiam
1454 623 1505 662 ibi
1512 624 1593 663 sunt
1607 625 1627 664 a
1633 626 1827 668 Thebanis

97 679 323 733 Amphionis
331 679 450 719 liberis
460 682 709 726 monimenta,
719 677 877 718 seorsum
886 677 1047 717 maribus
1055 676 1075 716 a
1084 677 1259 717 foeminis.
1297 679 1418 733 Prope
1426 679 1478 719 est
1485 681 1620 721 Dianae
1628 682 1829 724 delubrum

96 735 253 783 Eucleae,
263 735 357 789 quod
360 738 409 774 es‘?
415 735 487 782 acsi
493 733 639 785 Gloriofie
646 733 943 789 dixeris.Signum
952 736 1082 788 Scopae
1090 749 1182 788 opus
1191 733 1252 774 est.
1263 736 1427 789 Sepultas
1434 739 1474 775 in
1482 739 1624 791 templo
1632 739 1828 794 Antipoeni

95 790 186 831 filias
195 790 325 831 dicunt
332 823 342 839 ‚
354 790 608 831 Androcleam
624 795 662 830 δε
673 789 845 831 Alcidem
855 820 862 828 .
873 789 976 831 Cum
985 794 1089 830 enim
1102 790 1278 831 Thebani
1291 791 1388 832 duce
1395 793 1560 833 Hercule
1573 809 1666 834 cum
1673 796 1828 837 Orcho-

95 851 228 888 meniis
237 849 393 902 prelium
401 845 629 888 commissuri
638 845 750 887 essent
759 878 768 894 ‚
778 847 970 887 oraculum
979 846 1167 887 redditum
1175 847 1227 887 est
1234 879 1245 896 ‚
1254 851 1329 888 eius
1340 848 1423 888 belli
1438 850 1633 890 vi&oriam
1640 866 1752 906 penes
1761 867 1826 893 eos

95 903 178 945 fore
186 935 196 952 ,
205 919 370 959 quorum
381 908 470 944 ciuis
479 935 489 952 ‚
498 907 562 958 qui
569 907 711 958 generis
720 904 880 943 claritate
889 904 1079 957 praestaret‚
1089 903 1154 943 sibi
1161 903 1225 958 ipsi
1234 918 1366 944 manus
1375 905 1470 945 vltro
1478 906 1725 948 conscisceret.
1740 910 1826 950 Erat

95 962 321 1015 Antipoenus
328 961 504 1000 natalium
515 959 690 1015 dignitate
699 963 875 1000 omnium
882 960 1032 1000 suortun
1041 964 1180 1000 ciuium
1189 961 1295 1000 facile
1304 964 1482 1016 princeps
1494 961 1554 1003 sed
1563 963 1699 1005 adduci
1706 970 1735 1006 is
1743 981 1825 1008 non

95 1031 238 1072 poterat
245 1031 284 1056 vt
291 1017 421 1056 libeter
428 1030 591 1055 mortem
601 1031 667 1071 pro
676 1017 803 1070 populi
811 1015 919 1056 salute
928 1030 1134 1070 oppeteret:
1146 1030 1181 1056 at
1189 1023 1264 1057 eius
1271 1017 1352 1057 fihae
1361 1019 1524 1059 alacriter
1531 1019 1566 1061 se
1574 1020 1822 1064 deuouerunt.

96 1074 245 1114 Necem
256 1077 381 1128 itaque
387 1072 476 1112 cum
484 1072 547 1111 fibi
555 1073 635 1126 ipsa:
643 1071 1015 1126 conscifient,publicos
1027 1077 1236 1127 promerita:
1243 1073 1325 1113 sunt
1335 1074 1615 1117 honores.Ante
1622 1078 1743 1119 aedem
1750 1081 1827 1121 Eu-

95 1131 185 1170 cleae
195 1130 401 1177 Dianae‚leo
410 1129 430 1169 ὁ
437 1128 559 1184 lapide
567 1129 681 1169 faustus
694 1129 896 1168 collocatus
905 1129 966 1168 est.
983 1128 1179 1169 Dedicass'e
1187 1130 1320 1170 dicitur
1327 1132 1508 1172 Hercules
1516 1164 1525 1181 ,
1538 1135 1641 1174 virilis
1652 1139 1691 1174 in
1700 1151 1826 1192 pugna

96 1185 378 1234 Orchomeniis,
390 1191 430 1225 &
438 1198 570 1234 eorum
579 1200 663 1241 rege
670 1187 808 1240 Ergino
818 1186 993 1239 Clymeni
1002 1184 1089 1225 filio.
1160 1187 1335 1226 Proxime
1344 1188 1444 1227 abest
1452 1189 1591 1243 Apollo
1601 1192 1826 1233 Boedromi-

95 1257 150 1291 us,
165 1247 204 1282 &
213 1246 278 1297 qui
287 1243 464 1297 Agoraeus
474 1241 526 1293 (id
529 1242 572 1291 cll
579 1242 891 1289 Forenfis)vocatur
899 1242 1189 1281 Mercuriuszfuit
1197 1247 1236 1282 δε
1243 1243 1319 1283 hoc
1328 1244 1475 1284 Pindari
1485 1244 1642 1286 donum.
1653 1249 1776 1290 Distat
1782 1251 1827 1290 li-

97 1297 276 1338 berorum
286 1298 509 1353 Amphionis
518 1313 627 1354 rogus
636 1298 656 1337 ἑι
665 1298 830 1353 sepulcris
840 1297 998 1338 dimidiu
1006 1297 1321 1348 stadjj.Permanet
1331 1299 1454 1340 adhuc
1462 1303 1501 1339 in
1509 1317 1555 1341 eo
1564 1317 1658 1358 rogo
1667 1309 1768 1345 cinis.

98 1356 219 1409 Prope
229 1354 546 1410 Amphitruonem
554 1355 630 1396 duo
639 1354 718 1394 sunt
727 1355 908 1394 Mineruae
918 1353 1060 1409 lapidea
1071 1354 1220 1410 signa‚Z
1226 1355 1355 1408 osterie
1363 1371 1634 1412 cognomento:
1640 1361 1713 1402 illic
1721 1366 1826 1403 enim

97 1411 230 1452 dicitur
237 1425 340 1451 arma
346 1410 499 1452 induisse
508 1411 748 1466 Amphitruo,
757 1425 846 1451 cum
852 1410 1118 1451 Euboeenfibus
1126 1416 1166 1451 &t
1174 1412 1413 1453 Chalcodote
1422 1413 1687 1469 congressurus.
1701 1419 1825 1472 Ipsum

95 1467 188 1508 vero
197 1467 486 1516 Armainduere‚
492 1482 626 1508 veteres
638 1469 800 1523 Cingere
808 1466 988 1507 dixerunt.
998 1467 1102 1507 Nam
1110 1472 1149 1507 δεῖ
1158 1469 1480 1517 Homerum‚cum
1489 1472 1825 1526 Agamemnonem

96 1524 211 1564 Marti
219 1524 377 1564 similem
384 1523 624 1564 zonafecislet
631 1556 640 1573 ‚
650 1523 698 1564 de
706 1538 899 1564 armorum
906 1537 1040 1564 ornatu
1047 1523 1245 1581 idintelligi
1252 1524 1403 1566 voluisse
1410 1539 1550 1580 putant.
1629 1530 1738 1571 Extat
1747 1532 1827 1573 Ze-

96 1581 149 1621 thi
157 1585 199 1619 &
206 1580 430 1636 Amphionis
439 1594 646 1621 commune
660 1585 942 1621 monimentum
950 1611 960 1628 ,
974 1593 1076 1620 terrae
1084 1595 1165 1620 non
1180 1581 1265 1622 sane
1277 1596 1435 1637 magnus
1454 1585 1627 1624 tumulus.
1639 1600 1683 1626 ex
1692 1602 1750 1638 eo,
1759 1594 1827 1645 qui

95 1637 304 1677 Tithorean
314 1636 563 1677 Phocensium
571 1638 847 1686 incolunt‚terr5.
857 1637 1030 1690 surripere
1037 1638 1398 1693 magnoperestudent:
1408 1654 1455 1679 eo
1463 1640 1553 1680 vero
1562 1641 1600 1682 id
1607 1657 1722 1698 agunt
1730 1659 1827 1686 tem—

96 1707 188 1748 pore
197 1724 207 1741 ,
215 1692 305 1732 cum
313 1694 377 1733 Sol
384 1693 556 1733 Taurum
563 1708 738 1749 permeat.
756 1708 845 1734 tunc
854 1697 957 1733 enim
964 1693 989 1731 si
996 1705 1146 1733 amotam
1160 1709 1205 1735 ex
1212 1710 1259 1735 eo
1273 1692 1420 1735 tumulo
1436 1709 1570 1736 terram
1580 1698 1627 1739 ad
1642 1700 1825 1757 Antiopes

95 1752 380 1789 monimentum
395 1748 595 1790 adiecerint
603 1782 612 1798 ‚
623 1764 708 1806 ager
716 1750 794 1789 suus
802 1749 1083 1790 Tithorensibus
1093 1750 1307 1791 foecundior
1313 1750 1489 1800 redditur,
1512 1752 1703 1796 Thebanis
1710 1759 1827 1814 longe

96 1805 213 1846 secus:
226 1819 412 1861 quare·per
419 1820 482 1846 eos
491 1805 567 1846 dies
583 1806 775 1862 diligenter
784 1805 988 1861 sepulcrum
997 1806 1211 1847 custodiunt
1224 1807 1410 1848 Thebani.
1426 1807 1524 1848 Idita
1537 1808 1608 1850 esse
1616 1826 1662 1851 ex
1669 1812 1825 1856 fatidicis

98 1860 241 1907 Bacidis
248 1862 473 1902 carminibus
481 1862 687 1917 persuasum
695 1863 746 1903 est
754 1867 899 1918 vtrique
906 1863 1095 1904 vrbi.Sunt
1103 1863 1192 1905 vero
1201 1879 1244 1905 ea
1251 1869 1416 1907 carmina
1423 1865 1650 1909 huiufinodi:

320 1918 465 1973 Inferias
472 1919 608 1974 quando
615 1920 635 1958 a*
643 1918 1074 1977 wthorenfiplebefflrecesg,

320 1983 349 2016 E
350 1987 366 2014 t
373 1987 458 2015 vota
464 1979 599 2032 accipiet
606 1978 797 2028 cumfratre
803 1977 1018 2032 cAmphione
1024 1984 1057 2018 Z
1058 1978 1165 2026 ethus,

320 2032 459 2073 Phoebus
470 2034 713 2090 Agenoreum
720 2034 866 2074 irradiat
873 2049 949 2073 cum
958 2034 1084 2074 lumine
1090 2038 1125 2073 T
1119 2050 1255 2075 aurum.-

322 2094 409 2129 Tum
416 2105 542 2130 noxam
549 2094 720 2146 ingentem
729 2095 852 2140 vitato,
861 2107 930 2147 quae
936 2094 1066 2147 ingruit
1074 2091 1163 2130 orbi.

326 2147 335 2162 ¹
351 2147 685 2202 Nanqueffiosfoetus
692 2148 771 2187 olim
778 2160 868 2188 terra
875 2164 958 2204 aegra
966 2146 1113 2203 negabit,
1164 2161 1174 2173 ·

322 2209 352 2242 E
360 2204 460 2242 Phoci
469 2203 571 2242 donec
573 2204 747 2255 scindatur
749 2204 846 2259 gleba
844 2204 1003 2260 sepulcro.

100 2261 219 2302 Phoci
227 2263 509 2300 monimentum
517 2261 618 2300 Bacis
626 2259 712 2301 ideo
721 2260 812 2300 dixit
818 2292 828 2309 ‚
838 2261 944 2316 quod
952 2259 1042 2316 Lyci
1049 2278 1142 2304 vxor
1149 2262 1291 2320 Antiope
1298 2273 1371 2320 prae
1390 2270 1524 2308 caeteris
1533 2267 1599 2309 diis
1607 2266 1744 2312 Libero
1753 2269 1822 2312 Pa-

100 2323 144 2359 tri
153 2319 342 2358 honorem
356 2316 524 2356 habebat.
545 2315 649 2356 Cum
657 2317 747 2356 vero
756 2317 802 2356 ab
810 2333 856 2357 eo
864 2318 1108 2360 contendisset
1122 2335 1205 2375 quae
1217 2322 1331 2377 vulgo
1339 2321 1484 2377 prodita
1491 2324 1572 2365 sunt
1579 2358 1589 2375 ‚
1605 2326 1719 2367 deum
1727 2329 1776 2367 illi
1785 2344 1823 2369 a·

99 2379 181 2415 iunt
189 2374 408 2413 vehementer
421 2371 664 2413 succensuisse
675 2378 714 2411 δέ
722 2388 766 2412 ex
774 2389 820 2413 eo
830 2377 892 2425 (vri
901 2390 998 2414 acres
1007 2381 1042 2415 δι’
1053 2376 1269 2418 immodicae
1278 2380 1358 2419 sunt
1365 2378 1386 2418 ὲ
1400 2378 1454 2420 dis
1468 2382 1820 2433 animaduersiones)

100 2429 263 2471 immisso
271 2429 396 2469 furore
405 2442 532 2468 mente
546 2442 692 2483 captam
701 2444 764 2483 per
779 2443 896 2470 totam
905 2432 1089 2472 Graeciam
1108 2434 1299 2488 Antiopen
1312 2435 1456 2477 errasse:
1466 2437 1640 2479 Phocum
1646 2441 1736 2481 vero
1746 2442 1824 2481 Or-

101 2491 253 2542 nytione
261 2486 399 2540 Sisyphi
407 2485 483 2525 filio
492 2489 660 2540 genitum
670 2516 680 2533 ‚
688 2486 820 2539 mfiniae
827 2487 963 2527 morbo
978 2503 1062 2528 eam
1075 2489 1236 2530 liberasse
1242 2522 1252 2540 ‚
1263 2496 1304 2531 &
1312 2500 1467 2533 v'xorem
1481 2493 1635 2536 duxisse:
1646 2501 1824 2552 quocirca

102 2557 308 2584 commune
317 2544 490 2597 Antiopae
499 2547 538 2580 δε
547 2541 676 2581 Phoco
686 2547 967 2582 monimentum
974 2545 1134 2598 positum
1142 2547 1220 2587 fuit.
1288 2549 1339 2588 At
1346 2564 1410 2589 eos
1416 2549 1555 2605 lapides
1564 2557 1628 2607 qui
1637 2553 1825 2608 Amphio*

101 2603 158 2639 nis
166 2601 311 2639 tumulo
320 2598 489 2646 subiacet,
500 2598 600 2637 nulla
608 2612 694 2638 cura
702 2613 763 2638 aut
771 2612 845 2638 arte
853 2600 1085 2650 elaborati‚ea
1092 2603 1241 2643 tradunt
1247 2603 1318 2645 effe
1325 2605 1403 2645 saxa
1411 2622 1494 2661 quae
1502 2609 1728 2663 Amphionis
1736 2624 1826 2649 cana

102 2670 184 2695 tum
194 2655 313 2695 secuta
320 2655 583 2695 fuerant.Nam
592 2659 630 2693 &
640 2654 687 2694 de
697 2655 855 2709 Orpheo
865 2658 1087 2698 carminibus
1095 2659 1286 2714 proditum
1295 2661 1358 2709 est,
1367 2662 1459 2702 feras
1467 2662 1599 2703 fidibus
1609 2667 1765 2705 canente
1773 2665 1825 2706 se-

102 2725 214 2753 cutas.
271 2710 412 2750 Thebis
421 2709 604 2751 Chalcide
612 2710 631 2749 ἐι
642 2711 801 2751 Proetide
808 2726 913 2765 porta
921 2714 1100 2754 iterest.In
1109 2716 1179 2770 ipsa
1187 2718 1333 2770 militari
1341 2721 1399 2757 via
1407 2719 1611 2774 Melanippi
1620 2720 1826 2776 sepulcrum

104 2766 389 2814 ostenditur‚viri
401 2766 536 2806 bellicis
544 2766 711 2806 laudibus
720 2767 991 2808 Thebanorum
1001 2771 1113 2827 longe
1121 2773 1407 2827 praestantiffimi3
1418 2774 1588 2829 qui,cum
1594 2776 1744 2817 Thebas
1754 2779 1826 2818 Ar-

103 2828 178 2880 giui
188 2835 445 2877 oppugnatum
452 2820 630 2862 venissent
637 2854 646 2869 ‚
654 2822 831 2876 Tydeum
840 2829 878 2862 &
887 2825 1111 2868 Mecisteum
1126 2828 1270 2869 Adrasti
1284 2829 1435 2869 fratrem
1443 2831 1581 2872 occidit
1593 2848 1600 2871 :
1614 2834 1826 2875 interfe&us

103 2879 194 2920 verb
206 2884 245 2918 δε
254 2879 326 2934 ipse
333 2878 379 2917 ab
387 2878 616 2932 Amphiarao
626 2878 766 2918 dicitur.
853 2882 955 2921 Huic
965 2885 1110 2924 tumulo
1118 2889 1277 2939 proximi
1288 2885 1368 2924 sunt
1383 2886 1490 2927 rudes
1498 2888 1634 2942 lapides
1643 2903 1722 2929 tres.
1744 2893 1826 2946 Qi

102 2936 377 2976 Thebanorum
385 2934 540 2974 vetustas
549 2948 604 2973 res
612 2949 929 2986 commemorant,
938 2939 989 2978 ibi
996 2939 1172 2994 Tydeum
1180 2940 1287 2980 situm
1295 2939 1366 2981 esse
1373 2956 1568 2984 autumant
1575 2977 1585 2993 ‚
1595 2950 1635 2985 δε
1642 2946 1662 2984 a
1670 2946 1826 2988 Maeone

105 2992 460 3048 sepultum.l-lomeri
467 2989 558 3029 vero
567 3005 611 3029 ex
619 2990 729 3031 Iliade
737 2992 881 3032 versum
889 2997 928 3032 in
936 2994 1042 3036 huius
1054 3001 1104 3036 rei
1112 2997 1366 3037 testimonium
1373 2999 1579 3054 proferunt:

328 3046 462 3100 Tydeos,
470 3047 539 3084 alta
547 3051 629 3100 tegit
637 3047 757 3087 Thebis
763 3063 863 3102 quem
871 3061 960 3090 terra
957 3051 1140 3107 sepultum.

105 3107 200 3146 Exin
207 3107 378 3160 proxima
392 3102 471 3142 sunt
481 3102 628 3157 OEdipi
646 3102 810 3144 filiorum
819 3105 978 3161 sepulcra
987 3139 995 3148 .
1005 3109 1065 3150 Ad
1073 3125 1116 3150 ea
1125 3125 1207 3166 quae
1215 3110 1405 3160 fiuntsticra
1413 3143 1422 3160 ,
1431 3113 1494 3153 etsi
1511 3111 1583 3170 ipse
1596 3125 1677 3155 non
1690 3115 1826 3172 spefika-

106 3166 154 3210 ui,
166 3160 395 3200 narrantibus
410 3173 535 3198 tamen
544 3158 659 3201 fidem
677 3160 798 3200 habui.
808 3166 909 3203 aiunt
923 3169 1024 3204 enim
1039 3165 1213 3206 Thebani
1221 3196 1231 3216 s
1240 3170 1360 3208 &aliis
1369 3184 1412 3209 cx
1420 3173 1460 3209 iis
1469 3174 1534 3225 qui
1547 3170 1679 3212 heroes
1686 3186 1827 3213 vocan-

107 3232 176 3266 tur,
185 3222 225 3256 δε
235 3215 382 3269 OEdipi
390 3214 470 3254 filiis
478 3215 622 3255 inferias
631 3215 650 3254 a
657 3215 692 3256 se
699 3220 811 3257 mitti.
824 3220 893 3259 His
909 3222 1007 3260 certe
1024 3219 1117 3261 dum
1125 3222 1277 3263 adolent
1285 3256 1295 3272 ‚
1309 3224 1399 3264 cum
1408 3225 1603 3267 flammam
1611 3259 1621 3276 ‚
1630 3242 1712 3268 tum
1720 3229 1827 3269 emiss

107 3274 188 3314 sum
197 3287 241 3312 ex
249 3287 291 3311 ea
305 3272 453 3311 fumum
463 3303 472 3320 ,
481 3275 520 3310 in
527 3286 644 3326 partes
658 3271 746 3312 duas
755 3272 948 3316 discedere.
965 3276 1007 3317 Id
1015 3293 1086 3333 ego
1094 3292 1133 3318 vt
1142 3279 1344 3328 crederem,
1355 3281 1460 3321 facile
1474 3297 1537 3322 me
1550 3282 1713 3334 adduxit,
1750 3283 1829 3326 uod

106 3333 147 3372 in
155 3327 369 3386 Myfia,quae
378 3328 481 3383 supra
488 3328 649 3370 Caicum
657 3328 808 3378 est‚vidi.
818 3332 879 3373 Est
886 3332 937 3373 ibi
944 3333 1095 3376 modica
1103 3335 1198 3385 vrbs,
1209 3337 1347 3377 Pioniae
1356 3339 1646 3393 appellata5cuius
1655 3301 1829 3384 congiito-

1845 1492 1912 1531 295
