<?xml version="1.0" encoding="UTF-8"?>
<!DOCTYPE html PUBLIC "-//W3C//DTD XHTML 1.0 Transitional//EN"
    "http://www.w3.org/TR/xhtml1/DTD/xhtml1-transitional.dtd">
<html xmlns="http://www.w3.org/1999/xhtml" xml:lang="en" lang="en">
 <head>
  <title>
</title>
<meta http-equiv="Content-Type" content="text/html;charset=utf-8" />
  <meta name='ocr-system' content='tesseract 3.04.00' />
  <meta name='ocr-capabilities' content='ocr_page ocr_carea ocr_par ocr_line ocrx_word'/>
</head>
<body>
  <div class='ocr_page' id='page_1' title='image "./pausaniaccurat00paus_0706.png"; bbox 0 0 2047 3665; ppageno 0'>
   <div class='ocr_carea' id='block_1_1' title="bbox 201 207 1694 275">
    <p class='ocr_par' dir='ltr' id='par_1_1' title="bbox 201 207 1694 275">
     <span class='ocr_line' id='line_1_1' title="bbox 201 207 1694 275; baseline -0.019 -1"><span class='ocrx_word' id='word_1_1' title='bbox 201 241 267 275; x_wconf 71' lang='lat'>166</span> <span class='ocrx_word' id='word_1_2' title='bbox 414 222 778 270; x_wconf 88' lang='lat' dir='ltr'>PAVSANIAE</span> <span class='ocrx_word' id='word_1_3' title='bbox 826 215 1147 260; x_wconf 80' lang='lat' dir='ltr'>ELIACOR.</span> <span class='ocrx_word' id='word_1_4' title='bbox 1197 210 1484 252; x_wconf 83' lang='lat' dir='ltr'>POSTER.</span> <span class='ocrx_word' id='word_1_5' title='bbox 1544 207 1694 248; x_wconf 90' lang='lat' dir='ltr'>SIVE</span> 
     </span>
    </p>
   </div>
   <div class='ocr_carea' id='block_1_2' title="bbox 128 273 1961 812">
    <p class='ocr_par' dir='ltr' id='par_1_2' title="bbox 128 273 1961 812">
     <span class='ocr_line' id='line_1_2' title="bbox 201 273 1923 360; baseline -0.019 -11"><span class='ocrx_word' id='word_1_6' title='bbox 201 311 268 349; x_wconf 89' lang='lat' dir='ltr'>fuit</span> <span class='ocrx_word' id='word_1_7' title='bbox 277 309 362 347; x_wconf 87' lang='lat' dir='ltr'>huic</span> <span class='ocrx_word' id='word_1_8' title='bbox 376 308 488 360; x_wconf 86' lang='lat' dir='ltr'>patria</span> <span class='ocrx_word' id='word_1_9' title='bbox 502 303 603 342; x_wconf 88' lang='lat' dir='ltr'>Hera</span> <span class='ocrx_word' id='word_1_10' title='bbox 613 298 801 340; x_wconf 84' lang='lat' dir='ltr'>Arcadum</span> <span class='ocrx_word' id='word_1_11' title='bbox 809 295 989 352; x_wconf 88' lang='lat' dir='ltr'>oppidum</span> <span class='ocrx_word' id='word_1_12' title='bbox 1001 311 1008 332; x_wconf 78' lang='lat' dir='ltr'><strong><em>z</em></strong></span> <span class='ocrx_word' id='word_1_13' title='bbox 1018 294 1221 346; x_wconf 86' lang='lat' dir='ltr'>imaginem</span> <span class='ocrx_word' id='word_1_14' title='bbox 1235 285 1389 326; x_wconf 90' lang='lat' dir='ltr'>Acestor</span> <span class='ocrx_word' id='word_1_15' title='bbox 1403 282 1614 323; x_wconf 82' lang='lat' dir='ltr'>elaborauit.</span> <span class='ocrx_word' id='word_1_16' title='bbox 1626 277 1856 321; x_wconf 84' lang='lat' dir='ltr'>Emautionis</span> <span class='ocrx_word' id='word_1_17' title='bbox 1867 273 1923 319; x_wconf 64' lang='lat' dir='ltr'>efL</span> 
     </span>
     <span class='ocr_line' id='line_1_3' title="bbox 203 333 1919 421; baseline -0.017 -17"><span class='ocrx_word' id='word_1_18' title='bbox 203 367 329 421; x_wconf 81' lang='lat' dir='ltr'>figiem</span> <span class='ocrx_word' id='word_1_19' title='bbox 337 360 506 417; x_wconf 89' lang='lat' dir='ltr'>quisnam</span> <span class='ocrx_word' id='word_1_20' title='bbox 513 358 639 398; x_wconf 86' lang='lat' dir='ltr'>fecerit</span> <span class='ocrx_word' id='word_1_21' title='bbox 647 388 657 404; x_wconf 87' lang='lat'>‚</span> <span class='ocrx_word' id='word_1_22' title='bbox 666 370 746 395; x_wconf 90' lang='lat' dir='ltr'>non</span> <span class='ocrx_word' id='word_1_23' title='bbox 752 353 890 393; x_wconf 87' lang='lat' dir='ltr'>indicat</span> <span class='ocrx_word' id='word_1_24' title='bbox 897 351 1090 403; x_wconf 79' lang='lat' dir='ltr'>inscriptio3</span> <span class='ocrx_word' id='word_1_25' title='bbox 1102 360 1146 386; x_wconf 90' lang='lat' dir='ltr'>ex</span> <span class='ocrx_word' id='word_1_26' title='bbox 1156 342 1313 383; x_wconf 85' lang='lat' dir='ltr'>Arcadia</span> <span class='ocrx_word' id='word_1_27' title='bbox 1321 339 1466 380; x_wconf 77' lang='lat' dir='ltr'>tantum</span> <span class='ocrx_word' id='word_1_28' title='bbox 1479 336 1582 378; x_wconf 86' lang='lat' dir='ltr'>fuisse</span> <span class='ocrx_word' id='word_1_29' title='bbox 1589 339 1694 377; x_wconf 92' lang='lat' dir='ltr'>illum</span> <span class='ocrx_word' id='word_1_30' title='bbox 1702 337 1856 392; x_wconf 85' lang='lat' dir='ltr'>planum</span> <span class='ocrx_word' id='word_1_31' title='bbox 1864 333 1919 374; x_wconf 89' lang='lat' dir='ltr'>fa-</span> 
     </span>
     <span class='ocr_line' id='line_1_4' title="bbox 204 390 1922 470; baseline -0.019 -10"><span class='ocrx_word' id='word_1_32' title='bbox 204 427 263 462; x_wconf 90' lang='lat' dir='ltr'>cit.</span> <span class='ocrx_word' id='word_1_33' title='bbox 327 416 556 470; x_wconf 83' lang='lat' dir='ltr'>Colophonij</span> <span class='ocrx_word' id='word_1_34' title='bbox 573 416 652 451; x_wconf 77' lang='lat' dir='ltr'>exin</span> <span class='ocrx_word' id='word_1_35' title='bbox 661 409 926 451; x_wconf 87' lang='lat' dir='ltr'>Hermesianax</span> <span class='ocrx_word' id='word_1_36' title='bbox 938 407 1084 460; x_wconf 84' lang='lat' dir='ltr'>Agonei</span> <span class='ocrx_word' id='word_1_37' title='bbox 1098 401 1189 440; x_wconf 89' lang='lat' dir='ltr'>filius</span> <span class='ocrx_word' id='word_1_38' title='bbox 1199 430 1209 447; x_wconf 87' lang='lat'>,</span> <span class='ocrx_word' id='word_1_39' title='bbox 1220 403 1259 437; x_wconf 69' lang='grc' dir='ltr'>δέ</span> <span class='ocrx_word' id='word_1_40' title='bbox 1274 396 1402 437; x_wconf 82' lang='lat' dir='ltr'>Icasius</span> <span class='ocrx_word' id='word_1_41' title='bbox 1420 396 1601 449; x_wconf 87' lang='lat' dir='ltr'>Lycinie&#39;x</span> <span class='ocrx_word' id='word_1_42' title='bbox 1615 390 1922 433; x_wconf 74' lang='lat' dir='ltr'>Hermefianaffls</span> 
     </span>
     <span class='ocr_line' id='line_1_5' title="bbox 205 445 1923 530; baseline -0.018 -13"><span class='ocrx_word' id='word_1_43' title='bbox 205 477 278 517; x_wconf 86' lang='lat' dir='ltr'>filia</span> <span class='ocrx_word' id='word_1_44' title='bbox 285 507 295 523; x_wconf 88' lang='lat'>,</span> <span class='ocrx_word' id='word_1_45' title='bbox 304 487 435 530; x_wconf 88' lang='lat' dir='ltr'>pueros</span> <span class='ocrx_word' id='word_1_46' title='bbox 450 484 602 526; x_wconf 78' lang='lat' dir='ltr'>vterque</span> <span class='ocrx_word' id='word_1_47' title='bbox 610 473 648 507; x_wconf 91' lang='lat' dir='ltr'>in</span> <span class='ocrx_word' id='word_1_48' title='bbox 655 466 823 523; x_wconf 84' lang='lat' dir='ltr'>palaestrae</span> <span class='ocrx_word' id='word_1_49' title='bbox 837 465 1037 504; x_wconf 84' lang='lat' dir='ltr'>certamine</span> <span class='ocrx_word' id='word_1_50' title='bbox 1049 460 1277 512; x_wconf 80' lang='lat' dir='ltr'>superarunt:</span> <span class='ocrx_word' id='word_1_51' title='bbox 1288 458 1327 492; x_wconf 85' lang='lat'>&amp;</span> <span class='ocrx_word' id='word_1_52' title='bbox 1336 450 1626 491; x_wconf 73' lang='lat' dir='ltr'>Hermefianaeci</span> <span class='ocrx_word' id='word_1_53' title='bbox 1638 448 1793 504; x_wconf 86' lang='lat' dir='ltr'>quidem</span> <span class='ocrx_word' id='word_1_54' title='bbox 1803 445 1923 501; x_wconf 55' lang='lat' dir='ltr'>‘publi‘</span> 
     </span>
     <span class='ocr_line' id='line_1_6' title="bbox 207 503 1961 584; baseline -0.02 -11"><span class='ocrx_word' id='word_1_55' title='bbox 207 534 249 574; x_wconf 73' lang='lat' dir='ltr'>ce</span> <span class='ocrx_word' id='word_1_56' title='bbox 258 529 488 584; x_wconf 80' lang='lat' dir='ltr'>Colophonij</span> <span class='ocrx_word' id='word_1_57' title='bbox 498 527 651 566; x_wconf 87' lang='lat' dir='ltr'>statuam</span> <span class='ocrx_word' id='word_1_58' title='bbox 661 522 821 578; x_wconf 83' lang='lat' dir='ltr'>posuere.</span> <span class='ocrx_word' id='word_1_59' title='bbox 880 519 949 558; x_wconf 89' lang='lat' dir='ltr'>His</span> <span class='ocrx_word' id='word_1_60' title='bbox 960 518 1119 571; x_wconf 81' lang='lat' dir='ltr'>proximi</span> <span class='ocrx_word' id='word_1_61' title='bbox 1127 511 1256 550; x_wconf 82' lang='lat' dir='ltr'>athletae</span> <span class='ocrx_word' id='word_1_62' title='bbox 1267 510 1332 548; x_wconf 85' lang='lat' dir='ltr'>duo</span> <span class='ocrx_word' id='word_1_63' title='bbox 1339 506 1451 554; x_wconf 75' lang='lat' dir='ltr'>Elei‚a</span> <span class='ocrx_word' id='word_1_64' title='bbox 1460 506 1592 560; x_wconf 86' lang='lat' dir='ltr'>quibus</span> <span class='ocrx_word' id='word_1_65' title='bbox 1600 509 1702 560; x_wconf 91' lang='lat' dir='ltr'>pueri</span> <span class='ocrx_word' id='word_1_66' title='bbox 1713 508 1752 543; x_wconf 88' lang='lat' dir='ltr'>in</span> <span class='ocrx_word' id='word_1_67' title='bbox 1759 503 1922 558; x_wconf 75' lang='lat' dir='ltr'>pugilatu·</span> <span class='ocrx_word' id='word_1_68' title='bbox 1956 544 1961 551; x_wconf 33' lang='lat'>⁸</span> 
     </span>
     <span class='ocr_line' id='line_1_7' title="bbox 207 557 1922 637; baseline -0.019 -9"><span class='ocrx_word' id='word_1_69' title='bbox 207 589 303 629; x_wconf 69' lang='lat' dir='ltr'>viffl:</span> <span class='ocrx_word' id='word_1_70' title='bbox 317 586 474 632; x_wconf 66' lang='lat' dir='ltr'>Samnis,</span> <span class='ocrx_word' id='word_1_71' title='bbox 491 581 657 637; x_wconf 86' lang='lat' dir='ltr'>Olynthij</span> <span class='ocrx_word' id='word_1_72' title='bbox 668 578 824 618; x_wconf 72' lang='lat' dir='ltr'>Choerili</span> <span class='ocrx_word' id='word_1_73' title='bbox 832 589 934 629; x_wconf 86' lang='lat' dir='ltr'>opus;</span> <span class='ocrx_word' id='word_1_74' title='bbox 944 578 984 612; x_wconf 85' lang='lat'>&amp;</span> <span class='ocrx_word' id='word_1_75' title='bbox 990 571 1215 610; x_wconf 74' lang='lat' dir='ltr'>Theotimus</span> <span class='ocrx_word' id='word_1_76' title='bbox 1224 598 1233 614; x_wconf 81' lang='lat'>‚</span> <span class='ocrx_word' id='word_1_77' title='bbox 1243 565 1263 605; x_wconf 75' lang='lat' dir='ltr'>a</span> <span class='ocrx_word' id='word_1_78' title='bbox 1270 561 1460 604; x_wconf 84' lang='lat' dir='ltr'>Daetonda</span> <span class='ocrx_word' id='word_1_79' title='bbox 1474 563 1649 614; x_wconf 86' lang='lat' dir='ltr'>Sicyonio</span> <span class='ocrx_word' id='word_1_80' title='bbox 1657 560 1782 599; x_wconf 68' lang='lat' dir='ltr'>faffiis.</span> <span class='ocrx_word' id='word_1_81' title='bbox 1791 557 1922 598; x_wconf 66' lang='lat' dir='ltr'>Theo=</span> 
     </span>
     <span class='ocr_line' id='line_1_8' title="bbox 128 613 1925 697; baseline -0.019 -11"><span class='ocrx_word' id='word_1_82' title='bbox 128 650 187 689; x_wconf 85' lang='lat'>195</span> <span class='ocrx_word' id='word_1_83' title='bbox 209 649 319 685; x_wconf 75' lang='lat' dir='ltr'>timus</span> <span class='ocrx_word' id='word_1_84' title='bbox 327 642 498 697; x_wconf 88' lang='lat' dir='ltr'>istepatre</span> <span class='ocrx_word' id='word_1_85' title='bbox 507 652 610 678; x_wconf 90' lang='lat' dir='ltr'>natus</span> <span class='ocrx_word' id='word_1_86' title='bbox 619 634 854 678; x_wconf 87' lang='lat' dir='ltr'>Moschione‚</span> <span class='ocrx_word' id='word_1_87' title='bbox 868 633 930 684; x_wconf 88' lang='lat' dir='ltr'>qui</span> <span class='ocrx_word' id='word_1_88' title='bbox 941 625 1154 667; x_wconf 88' lang='lat' dir='ltr'>Alexandro</span> <span class='ocrx_word' id='word_1_89' title='bbox 1163 626 1266 663; x_wconf 75' lang='lat' dir='ltr'>cotra</span> <span class='ocrx_word' id='word_1_90' title='bbox 1280 622 1442 660; x_wconf 88' lang='lat' dir='ltr'>Darium</span> <span class='ocrx_word' id='word_1_91' title='bbox 1450 622 1489 657; x_wconf 85' lang='lat'>&amp;</span> <span class='ocrx_word' id='word_1_92' title='bbox 1499 615 1618 657; x_wconf 81' lang='lat' dir='ltr'>Persas</span> <span class='ocrx_word' id='word_1_93' title='bbox 1630 616 1778 656; x_wconf 87' lang='lat' dir='ltr'>bellanti</span> <span class='ocrx_word' id='word_1_94' title='bbox 1790 613 1925 668; x_wconf 46' lang='lat' dir='ltr'>ssipen*</span> 
     </span>
     <span class='ocr_line' id='line_1_9' title="bbox 209 668 1925 741; baseline -0.02 0"><span class='ocrx_word' id='word_1_95' title='bbox 209 701 269 741; x_wconf 85' lang='lat' dir='ltr'>dia</span> <span class='ocrx_word' id='word_1_96' title='bbox 277 700 372 740; x_wconf 87' lang='lat' dir='ltr'>fecit.</span> <span class='ocrx_word' id='word_1_97' title='bbox 431 698 510 736; x_wconf 86' lang='lat' dir='ltr'>Iam</span> <span class='ocrx_word' id='word_1_98' title='bbox 518 694 594 734; x_wconf 88' lang='lat' dir='ltr'>duo</span> <span class='ocrx_word' id='word_1_99' title='bbox 602 697 690 731; x_wconf 90' lang='lat' dir='ltr'>item</span> <span class='ocrx_word' id='word_1_100' title='bbox 699 704 743 729; x_wconf 87' lang='lat' dir='ltr'>ex</span> <span class='ocrx_word' id='word_1_101' title='bbox 751 686 855 727; x_wconf 86' lang='lat' dir='ltr'>Elide</span> <span class='ocrx_word' id='word_1_102' title='bbox 863 718 873 734; x_wconf 85' lang='lat'>,</span> <span class='ocrx_word' id='word_1_103' title='bbox 885 682 1131 723; x_wconf 83' lang='lat' dir='ltr'>Archidamus</span> <span class='ocrx_word' id='word_1_104' title='bbox 1141 677 1324 734; x_wconf 82' lang='lat' dir='ltr'>quadrigis</span> <span class='ocrx_word' id='word_1_105' title='bbox 1333 708 1343 724; x_wconf 85' lang='lat'>,</span> <span class='ocrx_word' id='word_1_106' title='bbox 1350 680 1390 713; x_wconf 85' lang='lat'>&amp;</span> <span class='ocrx_word' id='word_1_107' title='bbox 1406 673 1611 727; x_wconf 89' lang='lat' dir='ltr'>Theogoni</span> <span class='ocrx_word' id='word_1_108' title='bbox 1626 670 1719 711; x_wconf 88' lang='lat' dir='ltr'>filius</span> <span class='ocrx_word' id='word_1_109' title='bbox 1736 668 1925 725; x_wconf 88' lang='lat' dir='ltr'>Eperastus</span> 
     </span>
     <span class='ocr_line' id='line_1_10' title="bbox 212 728 1927 812; baseline -0.019 -15"><span class='ocrx_word' id='word_1_110' title='bbox 212 758 220 774; x_wconf 91' lang='lat'><em>¹</em></span> <span class='ocrx_word' id='word_1_111' title='bbox 236 759 337 812; x_wconf 86' lang='lat' dir='ltr'>graui</span> <span class='ocrx_word' id='word_1_112' title='bbox 346 766 527 794; x_wconf 87' lang='lat' dir='ltr'>armatura</span> <span class='ocrx_word' id='word_1_113' title='bbox 534 750 661 789; x_wconf 58' lang='lat' dir='ltr'>vietor.</span> <span class='ocrx_word' id='word_1_114' title='bbox 677 743 892 798; x_wconf 86' lang='lat' dir='ltr'>Epcrastum</span> <span class='ocrx_word' id='word_1_115' title='bbox 899 740 1002 779; x_wconf 91' lang='lat' dir='ltr'>hunc</span> <span class='ocrx_word' id='word_1_116' title='bbox 1010 750 1132 778; x_wconf 89' lang='lat' dir='ltr'>vatem</span> <span class='ocrx_word' id='word_1_117' title='bbox 1139 739 1252 775; x_wconf 85' lang='lat' dir='ltr'>etiam</span> <span class='ocrx_word' id='word_1_118' title='bbox 1266 730 1369 772; x_wconf 75' lang='lat' dir='ltr'>fuisse</span> <span class='ocrx_word' id='word_1_119' title='bbox 1376 730 1396 770; x_wconf 78' lang='grc' dir='ltr'>ἐ</span> <span class='ocrx_word' id='word_1_120' title='bbox 1409 728 1642 784; x_wconf 84' lang='lat' dir='ltr'>Clytidarum</span> <span class='ocrx_word' id='word_1_121' title='bbox 1648 728 1798 775; x_wconf 88' lang='lat' dir='ltr'>familia,</span> <span class='ocrx_word' id='word_1_122' title='bbox 1808 737 1927 765; x_wconf 86' lang='lat' dir='ltr'>extre-</span> 
     </span>
    </p>
   </div>
   <div class='ocr_carea' id='block_1_3' title="bbox 211 799 2036 3313">
    <p class='ocr_par' dir='ltr' id='par_1_3' title="bbox 211 799 835 860">
     <span class='ocr_line' id='line_1_11' title="bbox 211 799 835 860; baseline -0.027 -7"><span class='ocrx_word' id='word_1_123' title='bbox 211 811 417 852; x_wconf 71' lang='lat' dir='ltr'>maifidicat</span> <span class='ocrx_word' id='word_1_124' title='bbox 423 807 662 860; x_wconf 79' lang='lat' dir='ltr'>inscriptionis</span> <span class='ocrx_word' id='word_1_125' title='bbox 670 799 835 841; x_wconf 84' lang='lat' dir='ltr'>clausula:</span> 
     </span>
    </p>

    <p class='ocr_par' dir='ltr' id='par_1_4' title="bbox 433 850 1222 910">
     <span class='ocr_line' id='line_1_12' title="bbox 433 850 1222 910; baseline -0.023 -7"><span class='ocrx_word' id='word_1_126' title='bbox 433 862 577 903; x_wconf 62' lang='lat' dir='ltr'>fatidico</span> <span class='ocrx_word' id='word_1_127' title='bbox 585 869 692 898; x_wconf 79' lang='lat' dir='ltr'>cretus</span> <span class='ocrx_word' id='word_1_128' title='bbox 701 854 912 910; x_wconf 79' lang='lat' dir='ltr'>Clytidarum</span> <span class='ocrx_word' id='word_1_129' title='bbox 921 850 1103 906; x_wconf 58' lang='lat' dir='ltr'>&amp;sanguine</span> <span class='ocrx_word' id='word_1_130' title='bbox 1112 858 1222 896; x_wconf 84' lang='lat' dir='ltr'>vates,</span> 
     </span>
    </p>

    <p class='ocr_par' dir='ltr' id='par_1_5' title="bbox 503 903 1227 970">
     <span class='ocr_line' id='line_1_13' title="bbox 503 903 1227 970; baseline -0.019 -14"><span class='ocrx_word' id='word_1_131' title='bbox 503 924 644 970; x_wconf 46' lang='lat' dir='ltr'>gsttque</span> <span class='ocrx_word' id='word_1_132' title='bbox 650 913 740 953; x_wconf 82' lang='lat' dir='ltr'>idem</span> <span class='ocrx_word' id='word_1_133' title='bbox 736 910 864 965; x_wconf 72' lang='lat' dir='ltr'>fitboles</span> <span class='ocrx_word' id='word_1_134' title='bbox 870 910 926 948; x_wconf 78' lang='lat' dir='ltr'>dia</span> <span class='ocrx_word' id='word_1_135' title='bbox 934 903 1227 961; x_wconf 64' lang='lat' dir='ltr'>Melampodidtim.</span> 
     </span>
    </p>

    <p class='ocr_par' dir='ltr' id='par_1_6' title="bbox 211 953 2036 3313">
     <span class='ocr_line' id='line_1_14' title="bbox 213 953 1930 1033; baseline -0.019 -12"><span class='ocrx_word' id='word_1_136' title='bbox 213 982 424 1033; x_wconf 83' lang='lat' dir='ltr'>Melampus</span> <span class='ocrx_word' id='word_1_137' title='bbox 433 979 535 1016; x_wconf 85' lang='lat' dir='ltr'>enim</span> <span class='ocrx_word' id='word_1_138' title='bbox 550 970 829 1024; x_wconf 86' lang='lat' dir='ltr'>Amythaonem</span> <span class='ocrx_word' id='word_1_139' title='bbox 837 958 979 1022; x_wconf 78' lang='lat' dir='ltr'>patrem</span> <span class='ocrx_word' id='word_1_140' title='bbox 986 963 1124 1003; x_wconf 88' lang='lat' dir='ltr'>habuit:</span> <span class='ocrx_word' id='word_1_141' title='bbox 1133 961 1252 1000; x_wconf 89' lang='lat' dir='ltr'>filium</span> <span class='ocrx_word' id='word_1_142' title='bbox 1259 959 1331 1014; x_wconf 89' lang='lat' dir='ltr'>ipse</span> <span class='ocrx_word' id='word_1_143' title='bbox 1339 959 1528 998; x_wconf 85' lang='lat' dir='ltr'>Mantium</span> <span class='ocrx_word' id='word_1_144' title='bbox 1536 958 1674 1011; x_wconf 84' lang='lat' dir='ltr'>genuit,</span> <span class='ocrx_word' id='word_1_145' title='bbox 1684 953 1848 992; x_wconf 85' lang='lat' dir='ltr'>Mantius</span> <span class='ocrx_word' id='word_1_146' title='bbox 1858 953 1930 991; x_wconf 89' lang='lat' dir='ltr'>Oi-</span> 
     </span>
     <span class='ocr_line' id='line_1_15' title="bbox 214 1007 1928 1079; baseline -0.019 -2"><span class='ocrx_word' id='word_1_147' title='bbox 214 1040 323 1079; x_wconf 88' lang='lat' dir='ltr'>clem.</span> <span class='ocrx_word' id='word_1_148' title='bbox 334 1034 449 1075; x_wconf 88' lang='lat' dir='ltr'>Oiclis</span> <span class='ocrx_word' id='word_1_149' title='bbox 459 1030 612 1070; x_wconf 85' lang='lat' dir='ltr'>nascitur</span> <span class='ocrx_word' id='word_1_150' title='bbox 620 1027 693 1066; x_wconf 88' lang='lat' dir='ltr'>satu</span> <span class='ocrx_word' id='word_1_151' title='bbox 709 1024 953 1079; x_wconf 82' lang='lat' dir='ltr'>Amphiaraus</span> <span class='ocrx_word' id='word_1_152' title='bbox 963 1038 970 1059; x_wconf 92' lang='lat'>:</span> <span class='ocrx_word' id='word_1_153' title='bbox 980 1023 1082 1060; x_wconf 85' lang='lat' dir='ltr'>cuius</span> <span class='ocrx_word' id='word_1_154' title='bbox 1095 1018 1294 1057; x_wconf 90' lang='lat' dir='ltr'>Alcmaeon</span> <span class='ocrx_word' id='word_1_155' title='bbox 1300 1015 1368 1054; x_wconf 92' lang='lat' dir='ltr'>fuit</span> <span class='ocrx_word' id='word_1_156' title='bbox 1377 1047 1386 1064; x_wconf 92' lang='lat'>,</span> <span class='ocrx_word' id='word_1_157' title='bbox 1406 1017 1471 1069; x_wconf 89' lang='lat' dir='ltr'>qui</span> <span class='ocrx_word' id='word_1_158' title='bbox 1479 1014 1644 1066; x_wconf 87' lang='lat' dir='ltr'>Clytium</span> <span class='ocrx_word' id='word_1_159' title='bbox 1652 1009 1801 1063; x_wconf 75' lang='lat' dir='ltr'>suscepit</span> <span class='ocrx_word' id='word_1_160' title='bbox 1808 1008 1827 1047; x_wconf 76' lang='grc' dir='ltr'>ἐ</span> <span class='ocrx_word' id='word_1_161' title='bbox 1837 1007 1928 1046; x_wconf 90' lang='lat' dir='ltr'>Phe-</span> 
     </span>
     <span class='ocr_line' id='line_1_16' title="bbox 211 1066 1932 1150; baseline -0.019 -17"><span class='ocrx_word' id='word_1_162' title='bbox 211 1098 271 1150; x_wconf 76' lang='lat' dir='ltr'>gei</span> <span class='ocrx_word' id='word_1_163' title='bbox 282 1092 304 1130; x_wconf 84' lang='lat' dir='ltr'>fi</span> <span class='ocrx_word' id='word_1_164' title='bbox 308 1093 362 1130; x_wconf 89' lang='lat' dir='ltr'>lia:</span> <span class='ocrx_word' id='word_1_165' title='bbox 374 1090 435 1128; x_wconf 90' lang='lat' dir='ltr'>hic</span> <span class='ocrx_word' id='word_1_166' title='bbox 443 1088 524 1127; x_wconf 86' lang='lat' dir='ltr'>Elin</span> <span class='ocrx_word' id='word_1_167' title='bbox 531 1086 702 1139; x_wconf 88' lang='lat' dir='ltr'>migrauit</span> <span class='ocrx_word' id='word_1_168' title='bbox 710 1080 756 1121; x_wconf 87' lang='lat' dir='ltr'>ab</span> <span class='ocrx_word' id='word_1_169' title='bbox 763 1079 954 1120; x_wconf 84' lang='lat' dir='ltr'>auunculis</span> <span class='ocrx_word' id='word_1_170' title='bbox 963 1074 1146 1121; x_wconf 87' lang='lat' dir='ltr'>secedens,</span> <span class='ocrx_word' id='word_1_171' title='bbox 1159 1071 1265 1128; x_wconf 74' lang='lat' dir='ltr'>quod</span> <span class='ocrx_word' id='word_1_172' title='bbox 1273 1087 1336 1112; x_wconf 89' lang='lat' dir='ltr'>eos</span> <span class='ocrx_word' id='word_1_173' title='bbox 1343 1071 1486 1111; x_wconf 74' lang='lat' dir='ltr'>caedem</span> <span class='ocrx_word' id='word_1_174' title='bbox 1494 1067 1626 1108; x_wconf 81' lang='lat' dir='ltr'>sciebat</span> <span class='ocrx_word' id='word_1_175' title='bbox 1635 1066 1842 1104; x_wconf 82' lang='lat' dir='ltr'>Alcmaeoni</span> <span class='ocrx_word' id='word_1_176' title='bbox 1851 1077 1932 1102; x_wconf 81' lang='lat' dir='ltr'>rna-</span> 
     </span>
     <span class='ocr_line' id='line_1_17' title="bbox 214 1117 1932 1191; baseline -0.019 -3"><span class='ocrx_word' id='word_1_177' title='bbox 214 1151 391 1190; x_wconf 78' lang='lat' dir='ltr'>chinatos.</span> <span class='ocrx_word' id='word_1_178' title='bbox 450 1145 589 1184; x_wconf 85' lang='lat' dir='ltr'>Statuas</span> <span class='ocrx_word' id='word_1_179' title='bbox 597 1139 770 1191; x_wconf 87' lang='lat' dir='ltr'>deinceps</span> <span class='ocrx_word' id='word_1_180' title='bbox 778 1149 859 1176; x_wconf 90' lang='lat' dir='ltr'>non</span> <span class='ocrx_word' id='word_1_181' title='bbox 865 1130 1170 1175; x_wconf 88' lang='lat' dir='ltr'>valdeillusttibus</span> <span class='ocrx_word' id='word_1_182' title='bbox 1181 1127 1301 1168; x_wconf 86' lang='lat' dir='ltr'>videas</span> <span class='ocrx_word' id='word_1_183' title='bbox 1310 1126 1496 1181; x_wconf 81' lang='lat' dir='ltr'>permistas</span> <span class='ocrx_word' id='word_1_184' title='bbox 1506 1124 1613 1164; x_wconf 84' lang='lat' dir='ltr'>donis</span> <span class='ocrx_word' id='word_1_185' title='bbox 1623 1139 1630 1161; x_wconf 90' lang='lat'>:</span> <span class='ocrx_word' id='word_1_186' title='bbox 1643 1123 1876 1169; x_wconf 85' lang='lat' dir='ltr'>Alexinicum</span> <span class='ocrx_word' id='word_1_187' title='bbox 1885 1117 1932 1158; x_wconf 89' lang='lat' dir='ltr'>E-</span> 
     </span>
     <span class='ocr_line' id='line_1_18' title="bbox 213 1178 1933 1255; baseline -0.019 -10"><span class='ocrx_word' id='word_1_188' title='bbox 213 1207 315 1245; x_wconf 90' lang='lat' dir='ltr'>leum</span> <span class='ocrx_word' id='word_1_189' title='bbox 324 1235 334 1251; x_wconf 89' lang='lat'>‚</span> <span class='ocrx_word' id='word_1_190' title='bbox 344 1203 501 1255; x_wconf 81' lang='lat' dir='ltr'>Sicyonij</span> <span class='ocrx_word' id='word_1_191' title='bbox 518 1195 700 1237; x_wconf 79' lang='lat' dir='ltr'>Canthari</span> <span class='ocrx_word' id='word_1_192' title='bbox 714 1206 821 1247; x_wconf 90' lang='lat' dir='ltr'>opus:</span> <span class='ocrx_word' id='word_1_193' title='bbox 835 1191 915 1231; x_wconf 89' lang='lat' dir='ltr'>tulit</span> <span class='ocrx_word' id='word_1_194' title='bbox 928 1190 990 1229; x_wconf 89' lang='lat' dir='ltr'>hie</span> <span class='ocrx_word' id='word_1_195' title='bbox 1004 1187 1052 1228; x_wconf 88' lang='lat' dir='ltr'>de</span> <span class='ocrx_word' id='word_1_196' title='bbox 1067 1186 1195 1242; x_wconf 88' lang='lat' dir='ltr'>puerili</span> <span class='ocrx_word' id='word_1_197' title='bbox 1209 1184 1369 1238; x_wconf 81' lang='lat' dir='ltr'>palaestra</span> <span class='ocrx_word' id='word_1_198' title='bbox 1385 1183 1565 1238; x_wconf 81' lang='lat' dir='ltr'>palmam.</span> <span class='ocrx_word' id='word_1_199' title='bbox 1583 1179 1688 1218; x_wconf 90' lang='lat' dir='ltr'>Tum</span> <span class='ocrx_word' id='word_1_200' title='bbox 1702 1178 1933 1216; x_wconf 86' lang='lat' dir='ltr'>Leontinum</span> 
     </span>
     <span class='ocr_line' id='line_1_19' title="bbox 215 1231 1934 1315; baseline -0.019 -14"><span class='ocrx_word' id='word_1_201' title='bbox 215 1263 409 1315; x_wconf 79' lang='lat' dir='ltr'>Gorgiam,</span> <span class='ocrx_word' id='word_1_202' title='bbox 431 1257 442 1272; x_wconf 84' lang='lat'>²</span> <span class='ocrx_word' id='word_1_203' title='bbox 457 1267 574 1310; x_wconf 90' lang='lat' dir='ltr'>quem</span> <span class='ocrx_word' id='word_1_204' title='bbox 583 1250 796 1292; x_wconf 89' lang='lat' dir='ltr'>dedicatum</span> <span class='ocrx_word' id='word_1_205' title='bbox 804 1247 952 1287; x_wconf 92' lang='lat' dir='ltr'>tradunt</span> <span class='ocrx_word' id='word_1_206' title='bbox 968 1245 1014 1284; x_wconf 89' lang='lat' dir='ltr'>ab</span> <span class='ocrx_word' id='word_1_207' title='bbox 1022 1243 1210 1296; x_wconf 86' lang='lat' dir='ltr'>Eumolpo</span> <span class='ocrx_word' id='word_1_208' title='bbox 1225 1242 1405 1280; x_wconf 82' lang='lat' dir='ltr'>Deieratis</span> <span class='ocrx_word' id='word_1_209' title='bbox 1414 1249 1634 1293; x_wconf 80' lang='lat' dir='ltr'>pronepote,</span> <span class='ocrx_word' id='word_1_210' title='bbox 1651 1247 1740 1273; x_wconf 86' lang='lat' dir='ltr'>cum</span> <span class='ocrx_word' id='word_1_211' title='bbox 1747 1248 1826 1287; x_wconf 87' lang='lat' dir='ltr'>quo</span> <span class='ocrx_word' id='word_1_212' title='bbox 1834 1231 1934 1271; x_wconf 88' lang='lat' dir='ltr'>soror</span> 
     </span>
     <span class='ocr_line' id='line_1_20' title="bbox 214 1286 1934 1367; baseline -0.018 -11"><span class='ocrx_word' id='word_1_213' title='bbox 214 1317 331 1356; x_wconf 80' lang='lat' dir='ltr'>fuerat</span> <span class='ocrx_word' id='word_1_214' title='bbox 344 1315 505 1367; x_wconf 84' lang='lat' dir='ltr'>Gorgiae.</span> <span class='ocrx_word' id='word_1_215' title='bbox 521 1310 639 1348; x_wconf 87' lang='lat' dir='ltr'>Natus</span> <span class='ocrx_word' id='word_1_216' title='bbox 654 1306 705 1346; x_wconf 91' lang='lat' dir='ltr'>est</span> <span class='ocrx_word' id='word_1_217' title='bbox 713 1307 879 1359; x_wconf 80' lang='lat' dir='ltr'>Gorgias,</span> <span class='ocrx_word' id='word_1_218' title='bbox 889 1316 988 1358; x_wconf 87' lang='lat' dir='ltr'>patre</span> <span class='ocrx_word' id='word_1_219' title='bbox 1006 1297 1268 1344; x_wconf 86' lang='lat' dir='ltr'>Carmantide,</span> <span class='ocrx_word' id='word_1_220' title='bbox 1287 1297 1295 1318; x_wconf 77' lang='lat'><em>³</em></span> <span class='ocrx_word' id='word_1_221' title='bbox 1313 1301 1352 1335; x_wconf 62' lang='grc' dir='ltr'>δέ</span> <span class='ocrx_word' id='word_1_222' title='bbox 1368 1299 1506 1350; x_wconf 90' lang='lat' dir='ltr'>primus</span> <span class='ocrx_word' id='word_1_223' title='bbox 1521 1292 1730 1347; x_wconf 64' lang='lat' dir='ltr'>negle&amp;am</span> <span class='ocrx_word' id='word_1_224' title='bbox 1746 1287 1868 1328; x_wconf 82' lang='lat' dir='ltr'>adhuc</span> <span class='ocrx_word' id='word_1_225' title='bbox 1878 1286 1934 1326; x_wconf 85' lang='lat' dir='ltr'>di-</span> 
     </span>
     <span class='ocr_line' id='line_1_21' title="bbox 214 1343 1999 1414; baseline -0.018 -1"><span class='ocrx_word' id='word_1_226' title='bbox 214 1371 324 1414; x_wconf 82' lang='lat' dir='ltr'>cendi</span> <span class='ocrx_word' id='word_1_227' title='bbox 331 1385 376 1410; x_wconf 89' lang='lat' dir='ltr'>ex</span> <span class='ocrx_word' id='word_1_228' title='bbox 383 1382 458 1408; x_wconf 86' lang='lat' dir='ltr'>arte</span> <span class='ocrx_word' id='word_1_229' title='bbox 467 1370 649 1406; x_wconf 88' lang='lat' dir='ltr'>rationem</span> <span class='ocrx_word' id='word_1_230' title='bbox 667 1359 833 1402; x_wconf 83' lang='lat' dir='ltr'>excitass&#39;e</span> <span class='ocrx_word' id='word_1_231' title='bbox 841 1359 972 1399; x_wconf 88' lang='lat' dir='ltr'>dicitur</span> <span class='ocrx_word' id='word_1_232' title='bbox 980 1388 989 1406; x_wconf 83' lang='lat'>,</span> <span class='ocrx_word' id='word_1_233' title='bbox 998 1361 1038 1395; x_wconf 88' lang='lat'>&amp;</span> <span class='ocrx_word' id='word_1_234' title='bbox 1046 1355 1092 1395; x_wconf 89' lang='lat' dir='ltr'>ab</span> <span class='ocrx_word' id='word_1_235' title='bbox 1099 1355 1300 1394; x_wconf 86' lang='lat' dir='ltr'>hominum</span> <span class='ocrx_word' id='word_1_236' title='bbox 1313 1351 1505 1392; x_wconf 86' lang='lat' dir='ltr'>obliuione</span> <span class='ocrx_word' id='word_1_237' title='bbox 1514 1345 1718 1387; x_wconf 71' lang='lat' dir='ltr'>vindic-asle.</span> <span class='ocrx_word' id='word_1_238' title='bbox 1730 1343 1847 1384; x_wconf 87' lang='lat' dir='ltr'>Dedit</span> <span class='ocrx_word' id='word_1_239' title='bbox 1854 1357 1934 1382; x_wconf 89' lang='lat' dir='ltr'>ma-</span> <span class='ocrx_word' id='word_1_240' title='bbox 1954 1354 1999 1377; x_wconf 85' lang='lat'>20</span> 
     </span>
     <span class='ocr_line' id='line_1_22' title="bbox 213 1403 1935 1485; baseline -0.017 -17"><span class='ocrx_word' id='word_1_241' title='bbox 213 1442 334 1485; x_wconf 85' lang='lat' dir='ltr'>gnum</span> <span class='ocrx_word' id='word_1_242' title='bbox 349 1426 568 1479; x_wconf 66' lang='lat' dir='ltr'>eloquentiae</span> <span class='ocrx_word' id='word_1_243' title='bbox 584 1420 768 1474; x_wconf 88' lang='lat' dir='ltr'>specimen</span> <span class='ocrx_word' id='word_1_244' title='bbox 783 1418 940 1470; x_wconf 86' lang='lat' dir='ltr'>Gorgias</span> <span class='ocrx_word' id='word_1_245' title='bbox 950 1418 1007 1461; x_wconf 88' lang='lat'>‚&amp;</span> <span class='ocrx_word' id='word_1_246' title='bbox 1021 1416 1060 1450; x_wconf 89' lang='lat' dir='ltr'>in</span> <span class='ocrx_word' id='word_1_247' title='bbox 1069 1409 1338 1466; x_wconf 80' lang='lat' dir='ltr'>quinquennali</span> <span class='ocrx_word' id='word_1_248' title='bbox 1354 1408 1540 1461; x_wconf 74' lang='lat' dir='ltr'>Olympia:</span> <span class='ocrx_word' id='word_1_249' title='bbox 1557 1403 1781 1448; x_wconf 85' lang='lat' dir='ltr'>celebritate,</span> <span class='ocrx_word' id='word_1_250' title='bbox 1791 1405 1826 1439; x_wconf 90' lang='lat'>&amp;</span> <span class='ocrx_word' id='word_1_251' title='bbox 1846 1403 1884 1438; x_wconf 93' lang='lat' dir='ltr'>in</span> <span class='ocrx_word' id='word_1_252' title='bbox 1892 1414 1935 1439; x_wconf 81' lang='lat' dir='ltr'>ea</span> 
     </span>
     <span class='ocr_line' id='line_1_23' title="bbox 213 1455 1934 1539; baseline -0.017 -15"><span class='ocrx_word' id='word_1_253' title='bbox 213 1486 409 1539; x_wconf 75' lang='lat' dir='ltr'>legatione,</span> <span class='ocrx_word' id='word_1_254' title='bbox 419 1495 493 1535; x_wconf 88' lang='lat' dir='ltr'>qua</span> <span class='ocrx_word' id='word_1_255' title='bbox 499 1478 646 1517; x_wconf 60' lang='lat' dir='ltr'>fundus</span> <span class='ocrx_word' id='word_1_256' title='bbox 656 1474 707 1514; x_wconf 90' lang='lat' dir='ltr'>est</span> <span class='ocrx_word' id='word_1_257' title='bbox 714 1505 724 1522; x_wconf 84' lang='lat'>‚</span> <span class='ocrx_word' id='word_1_258' title='bbox 731 1472 838 1512; x_wconf 81' lang='lat' dir='ltr'>Tifiae</span> <span class='ocrx_word' id='word_1_259' title='bbox 847 1472 988 1525; x_wconf 83' lang='lat' dir='ltr'>collega</span> <span class='ocrx_word' id='word_1_260' title='bbox 996 1501 1006 1517; x_wconf 94' lang='lat'>,</span> <span class='ocrx_word' id='word_1_261' title='bbox 1020 1466 1119 1522; x_wconf 87' lang='lat' dir='ltr'>apud</span> <span class='ocrx_word' id='word_1_262' title='bbox 1134 1464 1383 1505; x_wconf 86' lang='lat' dir='ltr'>Athenienses.</span> <span class='ocrx_word' id='word_1_263' title='bbox 1397 1466 1411 1485; x_wconf 85' lang='lat'><strong>⁴</strong></span> <span class='ocrx_word' id='word_1_264' title='bbox 1422 1476 1513 1501; x_wconf 88' lang='lat' dir='ltr'>nam</span> <span class='ocrx_word' id='word_1_265' title='bbox 1521 1466 1559 1500; x_wconf 67' lang='grc' dir='ltr'>δέ</span> <span class='ocrx_word' id='word_1_266' title='bbox 1566 1459 1680 1499; x_wconf 81' lang='lat' dir='ltr'>Tisias</span> <span class='ocrx_word' id='word_1_267' title='bbox 1697 1459 1871 1497; x_wconf 86' lang='lat' dir='ltr'>orationis</span> <span class='ocrx_word' id='word_1_268' title='bbox 1881 1455 1934 1495; x_wconf 90' lang='lat' dir='ltr'>fa-</span> 
     </span>
     <span class='ocr_line' id='line_1_24' title="bbox 215 1519 1935 1582; baseline -0.017 -3"><span class='ocrx_word' id='word_1_269' title='bbox 215 1541 348 1580; x_wconf 82' lang='lat' dir='ltr'>cultate</span> <span class='ocrx_word' id='word_1_270' title='bbox 356 1550 487 1577; x_wconf 88' lang='lat' dir='ltr'>omnes</span> <span class='ocrx_word' id='word_1_271' title='bbox 497 1532 703 1573; x_wconf 86' lang='lat' dir='ltr'>antecelluit</span> <span class='ocrx_word' id='word_1_272' title='bbox 712 1530 760 1568; x_wconf 89' lang='lat' dir='ltr'>sui</span> <span class='ocrx_word' id='word_1_273' title='bbox 775 1531 950 1582; x_wconf 86' lang='lat' dir='ltr'>temporis</span> <span class='ocrx_word' id='word_1_274' title='bbox 959 1538 1130 1565; x_wconf 88' lang='lat' dir='ltr'>oratores.</span> <span class='ocrx_word' id='word_1_275' title='bbox 1141 1526 1201 1562; x_wconf 90' lang='lat' dir='ltr'>cui</span> <span class='ocrx_word' id='word_1_276' title='bbox 1209 1525 1258 1561; x_wconf 89' lang='lat' dir='ltr'>rei</span> <span class='ocrx_word' id='word_1_277' title='bbox 1267 1520 1334 1559; x_wconf 89' lang='lat' dir='ltr'>fuit</span> <span class='ocrx_word' id='word_1_278' title='bbox 1343 1519 1573 1574; x_wconf 87' lang='lat' dir='ltr'>perspicuum</span> <span class='ocrx_word' id='word_1_279' title='bbox 1583 1526 1846 1570; x_wconf 76' lang='lat' dir='ltr'>argumentum</span> <span class='ocrx_word' id='word_1_280' title='bbox 1855 1522 1935 1551; x_wconf 54' lang='lat' dir='ltr'>ora⁶</span> 
     </span>
     <span class='ocr_line' id='line_1_25' title="bbox 214 1567 1937 1641; baseline -0.018 -5"><span class='ocrx_word' id='word_1_281' title='bbox 214 1601 267 1636; x_wconf 86' lang='lat' dir='ltr'>tio</span> <span class='ocrx_word' id='word_1_282' title='bbox 277 1610 317 1635; x_wconf 86' lang='lat' dir='ltr'>ea</span> <span class='ocrx_word' id='word_1_283' title='bbox 326 1594 457 1633; x_wconf 81' lang='lat' dir='ltr'>subtilis</span> <span class='ocrx_word' id='word_1_284' title='bbox 466 1590 615 1630; x_wconf 87' lang='lat' dir='ltr'>hercule</span> <span class='ocrx_word' id='word_1_285' title='bbox 623 1592 662 1626; x_wconf 86' lang='lat'>&amp;</span> <span class='ocrx_word' id='word_1_286' title='bbox 676 1599 846 1641; x_wconf 86' lang='lat' dir='ltr'>peracuta</span> <span class='ocrx_word' id='word_1_287' title='bbox 854 1615 863 1631; x_wconf 85' lang='lat'>,</span> <span class='ocrx_word' id='word_1_288' title='bbox 873 1597 988 1637; x_wconf 84' lang='lat' dir='ltr'>quam</span> <span class='ocrx_word' id='word_1_289' title='bbox 996 1585 1034 1619; x_wconf 91' lang='lat' dir='ltr'>in</span> <span class='ocrx_word' id='word_1_290' title='bbox 1042 1581 1102 1619; x_wconf 88' lang='lat' dir='ltr'>lite</span> <span class='ocrx_word' id='word_1_291' title='bbox 1111 1577 1337 1632; x_wconf 77' lang='lat' dir='ltr'>Syracusanae</span> <span class='ocrx_word' id='word_1_292' title='bbox 1346 1576 1505 1614; x_wconf 89' lang='lat' dir='ltr'>mulieris</span> <span class='ocrx_word' id='word_1_293' title='bbox 1512 1569 1829 1612; x_wconf 71' lang='lat' dir='ltr'>habuitSedenim</span> <span class='ocrx_word' id='word_1_294' title='bbox 1838 1567 1937 1606; x_wconf 86' lang='lat' dir='ltr'>mul·-</span> 
     </span>
     <span class='ocr_line' id='line_1_26' title="bbox 215 1622 1936 1704; baseline -0.017 -12"><span class='ocrx_word' id='word_1_295' title='bbox 215 1666 255 1692; x_wconf 93' lang='lat' dir='ltr'>to</span> <span class='ocrx_word' id='word_1_296' title='bbox 264 1651 331 1690; x_wconf 87' lang='lat' dir='ltr'>fuit</span> <span class='ocrx_word' id='word_1_297' title='bbox 339 1648 437 1704; x_wconf 85' lang='lat' dir='ltr'>apud</span> <span class='ocrx_word' id='word_1_298' title='bbox 451 1642 689 1686; x_wconf 74' lang='lat' dir='ltr'>Athenienses</span> <span class='ocrx_word' id='word_1_299' title='bbox 705 1642 834 1681; x_wconf 84' lang='lat' dir='ltr'>clarior</span> <span class='ocrx_word' id='word_1_300' title='bbox 842 1641 1008 1692; x_wconf 81' lang='lat' dir='ltr'>Gorgias.</span> <span class='ocrx_word' id='word_1_301' title='bbox 1020 1638 1064 1675; x_wconf 90' lang='lat' dir='ltr'>Et</span> <span class='ocrx_word' id='word_1_302' title='bbox 1080 1635 1182 1674; x_wconf 92' lang='lat' dir='ltr'>hunc</span> <span class='ocrx_word' id='word_1_303' title='bbox 1199 1633 1281 1672; x_wconf 73' lang='lat' dir='ltr'>sane</span> <span class='ocrx_word' id='word_1_304' title='bbox 1289 1631 1392 1672; x_wconf 88' lang='lat' dir='ltr'>Iason</span> <span class='ocrx_word' id='word_1_305' title='bbox 1400 1662 1410 1679; x_wconf 88' lang='lat'>,</span> <span class='ocrx_word' id='word_1_306' title='bbox 1421 1634 1486 1686; x_wconf 91' lang='lat' dir='ltr'>qui</span> <span class='ocrx_word' id='word_1_307' title='bbox 1496 1633 1535 1668; x_wconf 89' lang='lat' dir='ltr'>in</span> <span class='ocrx_word' id='word_1_308' title='bbox 1547 1625 1730 1667; x_wconf 73' lang='lat' dir='ltr'>Theslalia</span> <span class='ocrx_word' id='word_1_309' title='bbox 1745 1622 1936 1679; x_wconf 81' lang='lat' dir='ltr'>tyrannide</span> 
     </span>
     <span class='ocr_line' id='line_1_27' title="bbox 215 1680 1936 1762; baseline -0.017 -15"><span class='ocrx_word' id='word_1_310' title='bbox 215 1711 351 1762; x_wconf 85' lang='lat' dir='ltr'>potitus</span> <span class='ocrx_word' id='word_1_311' title='bbox 360 1705 422 1751; x_wconf 90' lang='lat' dir='ltr'>est,</span> <span class='ocrx_word' id='word_1_312' title='bbox 434 1703 543 1758; x_wconf 90' lang='lat' dir='ltr'>pluris</span> <span class='ocrx_word' id='word_1_313' title='bbox 551 1700 670 1739; x_wconf 89' lang='lat' dir='ltr'>multo</span> <span class='ocrx_word' id='word_1_314' title='bbox 680 1697 766 1737; x_wconf 86' lang='lat' dir='ltr'>fecit</span> <span class='ocrx_word' id='word_1_315' title='bbox 783 1695 898 1750; x_wconf 75' lang='lat' dir='ltr'>quam</span> <span class='ocrx_word' id='word_1_316' title='bbox 908 1695 1138 1747; x_wconf 78' lang='lat' dir='ltr'>Polycratem</span> <span class='ocrx_word' id='word_1_317' title='bbox 1146 1721 1156 1738; x_wconf 86' lang='lat'>,</span> <span class='ocrx_word' id='word_1_318' title='bbox 1171 1693 1234 1743; x_wconf 88' lang='lat' dir='ltr'>qui</span> <span class='ocrx_word' id='word_1_319' title='bbox 1243 1689 1332 1727; x_wconf 91' lang='lat' dir='ltr'>nulli</span> <span class='ocrx_word' id='word_1_320' title='bbox 1340 1688 1408 1726; x_wconf 90' lang='lat' dir='ltr'>suit</span> <span class='ocrx_word' id='word_1_321' title='bbox 1416 1691 1454 1725; x_wconf 91' lang='lat' dir='ltr'>in</span> <span class='ocrx_word' id='word_1_322' title='bbox 1469 1682 1752 1733; x_wconf 77' lang='lat' dir='ltr'>Atheniensium</span> <span class='ocrx_word' id='word_1_323' title='bbox 1761 1680 1888 1720; x_wconf 85' lang='lat' dir='ltr'>scholis</span> <span class='ocrx_word' id='word_1_324' title='bbox 1897 1694 1936 1719; x_wconf 89' lang='lat' dir='ltr'>e-</span> 
     </span>
     <span class='ocr_line' id='line_1_28' title="bbox 214 1739 1936 1817; baseline -0.017 -14"><span class='ocrx_word' id='word_1_325' title='bbox 214 1757 536 1817; x_wconf 75' lang='lat' dir='ltr'>loqtientiae‚laude</span> <span class='ocrx_word' id='word_1_326' title='bbox 551 1755 718 1794; x_wconf 91' lang='lat' dir='ltr'>inferior.</span> <span class='ocrx_word' id='word_1_327' title='bbox 734 1749 867 1791; x_wconf 82' lang='lat' dir='ltr'>Vixiffe</span> <span class='ocrx_word' id='word_1_328' title='bbox 884 1763 1008 1789; x_wconf 88' lang='lat' dir='ltr'>autem</span> <span class='ocrx_word' id='word_1_329' title='bbox 1023 1749 1207 1801; x_wconf 82' lang='lat' dir='ltr'>Gorgiam</span> <span class='ocrx_word' id='word_1_330' title='bbox 1221 1759 1338 1783; x_wconf 89' lang='lat' dir='ltr'>annos</span> <span class='ocrx_word' id='word_1_331' title='bbox 1355 1743 1476 1782; x_wconf 88' lang='lat' dir='ltr'>ferunt</span> <span class='ocrx_word' id='word_1_332' title='bbox 1486 1739 1602 1792; x_wconf 87' lang='lat' dir='ltr'>(haud</span> <span class='ocrx_word' id='word_1_333' title='bbox 1617 1740 1756 1784; x_wconf 87' lang='lat' dir='ltr'>minus)</span> <span class='ocrx_word' id='word_1_334' title='bbox 1767 1740 1936 1791; x_wconf 89' lang='lat' dir='ltr'>quinque</span> 
     </span>
     <span class='ocr_line' id='line_1_29' title="bbox 215 1794 1936 1872; baseline -0.017 -14"><span class='ocrx_word' id='word_1_335' title='bbox 215 1818 370 1872; x_wconf 89' lang='lat' dir='ltr'>amplius</span> <span class='ocrx_word' id='word_1_336' title='bbox 384 1813 499 1870; x_wconf 70' lang='lat' dir='ltr'>quarn</span> <span class='ocrx_word' id='word_1_337' title='bbox 513 1824 665 1851; x_wconf 81' lang='lat' dir='ltr'>centtun</span> <span class='ocrx_word' id='word_1_338' title='bbox 675 1840 683 1847; x_wconf 94' lang='lat'>.</span> <span class='ocrx_word' id='word_1_339' title='bbox 702 1810 977 1848; x_wconf 86' lang='lat' dir='ltr'>Leontinorum</span> <span class='ocrx_word' id='word_1_340' title='bbox 991 1803 1088 1843; x_wconf 72' lang='lat' dir='ltr'>certe</span> <span class='ocrx_word' id='word_1_341' title='bbox 1101 1801 1185 1840; x_wconf 89' lang='lat' dir='ltr'>vrbs</span> <span class='ocrx_word' id='word_1_342' title='bbox 1200 1801 1294 1840; x_wconf 90' lang='lat' dir='ltr'>olim</span> <span class='ocrx_word' id='word_1_343' title='bbox 1309 1799 1427 1839; x_wconf 87' lang='lat' dir='ltr'>deleta</span> <span class='ocrx_word' id='word_1_344' title='bbox 1441 1797 1461 1837; x_wconf 75' lang='lat' dir='ltr'>a</span> <span class='ocrx_word' id='word_1_345' title='bbox 1476 1794 1699 1851; x_wconf 78' lang='lat' dir='ltr'>Syracusanis</span> <span class='ocrx_word' id='word_1_346' title='bbox 1709 1825 1718 1841; x_wconf 92' lang='lat'>,</span> <span class='ocrx_word' id='word_1_347' title='bbox 1735 1806 1838 1832; x_wconf 69' lang='lat' dir='ltr'>:etate</span> <span class='ocrx_word' id='word_1_348' title='bbox 1850 1806 1936 1831; x_wconf 87' lang='lat' dir='ltr'>mea</span> 
     </span>
     <span class='ocr_line' id='line_1_30' title="bbox 215 1847 1935 1922; baseline -0.017 -8"><span class='ocrx_word' id='word_1_349' title='bbox 215 1874 375 1915; x_wconf 88' lang='lat' dir='ltr'>restituta</span> <span class='ocrx_word' id='word_1_350' title='bbox 382 1871 443 1911; x_wconf 88' lang='lat' dir='ltr'>est.</span> <span class='ocrx_word' id='word_1_351' title='bbox 503 1868 692 1922; x_wconf 66' lang='lat' dir='ltr'>Spefflatur</span> <span class='ocrx_word' id='word_1_352' title='bbox 700 1880 746 1904; x_wconf 89' lang='lat' dir='ltr'>eo</span> <span class='ocrx_word' id='word_1_353' title='bbox 754 1868 792 1902; x_wconf 91' lang='lat' dir='ltr'>in</span> <span class='ocrx_word' id='word_1_354' title='bbox 799 1864 886 1902; x_wconf 92' lang='lat' dir='ltr'>loco</span> <span class='ocrx_word' id='word_1_355' title='bbox 901 1866 940 1899; x_wconf 63' lang='grc' dir='ltr'>δέ</span> <span class='ocrx_word' id='word_1_356' title='bbox 949 1858 1186 1900; x_wconf 85' lang='lat' dir='ltr'>Cratisthenis</span> <span class='ocrx_word' id='word_1_357' title='bbox 1201 1858 1369 1910; x_wconf 81' lang='lat' dir='ltr'>Cyrenaei</span> <span class='ocrx_word' id='word_1_358' title='bbox 1384 1868 1508 1894; x_wconf 91' lang='lat' dir='ltr'>currus</span> <span class='ocrx_word' id='word_1_359' title='bbox 1516 1855 1679 1891; x_wconf 84' lang='lat' dir='ltr'>aereus;in</span> <span class='ocrx_word' id='word_1_360' title='bbox 1688 1863 1802 1903; x_wconf 85' lang='lat' dir='ltr'>quem</span> <span class='ocrx_word' id='word_1_361' title='bbox 1813 1847 1935 1887; x_wconf 86' lang='lat' dir='ltr'>ascen-</span> 
     </span>
     <span class='ocr_line' id='line_1_31' title="bbox 217 1902 2007 1977; baseline -0.017 -7"><span class='ocrx_word' id='word_1_362' title='bbox 217 1930 271 1970; x_wconf 83' lang='lat' dir='ltr'>dit</span> <span class='ocrx_word' id='word_1_363' title='bbox 278 1929 441 1968; x_wconf 64' lang='lat' dir='ltr'>Victoria</span> <span class='ocrx_word' id='word_1_364' title='bbox 450 1957 459 1973; x_wconf 90' lang='lat'>‚</span> <span class='ocrx_word' id='word_1_365' title='bbox 469 1938 551 1964; x_wconf 89' lang='lat' dir='ltr'>tum</span> <span class='ocrx_word' id='word_1_366' title='bbox 559 1922 631 1977; x_wconf 88' lang='lat' dir='ltr'>ipse</span> <span class='ocrx_word' id='word_1_367' title='bbox 639 1925 750 1962; x_wconf 89' lang='lat' dir='ltr'>etiam</span> <span class='ocrx_word' id='word_1_368' title='bbox 765 1917 1023 1959; x_wconf 88' lang='lat' dir='ltr'>Cratisthenes.</span> <span class='ocrx_word' id='word_1_369' title='bbox 1033 1929 1078 1954; x_wconf 91' lang='lat' dir='ltr'>ex</span> <span class='ocrx_word' id='word_1_370' title='bbox 1089 1928 1167 1969; x_wconf 90' lang='lat' dir='ltr'>quo</span> <span class='ocrx_word' id='word_1_371' title='bbox 1175 1912 1280 1952; x_wconf 74' lang='lat' dir='ltr'>facile</span> <span class='ocrx_word' id='word_1_372' title='bbox 1289 1914 1462 1951; x_wconf 86' lang='lat' dir='ltr'>coniicias</span> <span class='ocrx_word' id='word_1_373' title='bbox 1470 1939 1480 1956; x_wconf 83' lang='lat'>‚</span> <span class='ocrx_word' id='word_1_374' title='bbox 1494 1911 1596 1962; x_wconf 88' lang='lat' dir='ltr'>equis</span> <span class='ocrx_word' id='word_1_375' title='bbox 1605 1907 1708 1944; x_wconf 86' lang='lat' dir='ltr'>illum</span> <span class='ocrx_word' id='word_1_376' title='bbox 1719 1902 1846 1944; x_wconf 79' lang='lat' dir='ltr'>vicisse.</span> <span class='ocrx_word' id='word_1_377' title='bbox 1863 1904 1934 1942; x_wconf 88' lang='lat' dir='ltr'>Di·</span> <span class='ocrx_word' id='word_1_378' title='bbox 1966 1914 2007 1951; x_wconf 77' lang='lat'>30</span> 
     </span>
     <span class='ocr_line' id='line_1_32' title="bbox 216 1958 1935 2029; baseline -0.016 -4"><span class='ocrx_word' id='word_1_379' title='bbox 216 1991 309 2026; x_wconf 90' lang='lat' dir='ltr'>citur</span> <span class='ocrx_word' id='word_1_380' title='bbox 317 1983 405 2024; x_wconf 76' lang='lat' dir='ltr'>vero</span> <span class='ocrx_word' id='word_1_381' title='bbox 418 1979 579 2020; x_wconf 83' lang='lat' dir='ltr'>Mnaseae</span> <span class='ocrx_word' id='word_1_382' title='bbox 589 1977 738 2018; x_wconf 86' lang='lat' dir='ltr'>cursoris</span> <span class='ocrx_word' id='word_1_383' title='bbox 747 2007 757 2024; x_wconf 87' lang='lat'>,</span> <span class='ocrx_word' id='word_1_384' title='bbox 766 1986 882 2029; x_wconf 83' lang='lat' dir='ltr'>quem</span> <span class='ocrx_word' id='word_1_385' title='bbox 897 1983 1153 2027; x_wconf 83' lang='lat' dir='ltr'>cognomento</span> <span class='ocrx_word' id='word_1_386' title='bbox 1162 1969 1282 2022; x_wconf 89' lang='lat' dir='ltr'>Libyn</span> <span class='ocrx_word' id='word_1_387' title='bbox 1290 1969 1411 2007; x_wconf 81' lang='lat' dir='ltr'>Graeci</span> <span class='ocrx_word' id='word_1_388' title='bbox 1426 1964 1698 2020; x_wconf 88' lang='lat' dir='ltr'>appellauerunt</span> <span class='ocrx_word' id='word_1_389' title='bbox 1706 1993 1716 2009; x_wconf 79' lang='grc'>,</span> <span class='ocrx_word' id='word_1_390' title='bbox 1725 1960 1841 1999; x_wconf 86' lang='lat' dir='ltr'>filiurn</span> <span class='ocrx_word' id='word_1_391' title='bbox 1851 1958 1935 1998; x_wconf 78' lang='lat' dir='ltr'>fuis·</span> 
     </span>
     <span class='ocr_line' id='line_1_33' title="bbox 216 2015 1936 2090; baseline -0.016 -10"><span class='ocrx_word' id='word_1_392' title='bbox 216 2041 250 2082; x_wconf 91' lang='lat' dir='ltr'>se</span> <span class='ocrx_word' id='word_1_393' title='bbox 260 2071 267 2079; x_wconf 91' lang='lat'><strong>.</strong></span> <span class='ocrx_word' id='word_1_394' title='bbox 279 2041 399 2079; x_wconf 87' lang='lat' dir='ltr'>Huius</span> <span class='ocrx_word' id='word_1_395' title='bbox 415 2038 606 2090; x_wconf 81' lang='lat' dir='ltr'>Olympici</span> <span class='ocrx_word' id='word_1_396' title='bbox 614 2032 706 2073; x_wconf 87' lang='lat' dir='ltr'>doni</span> <span class='ocrx_word' id='word_1_397' title='bbox 714 2031 934 2086; x_wconf 86' lang='lat' dir='ltr'>Pythagoras</span> <span class='ocrx_word' id='word_1_398' title='bbox 942 2027 1134 2082; x_wconf 87' lang='lat' dir='ltr'>Rheginus</span> <span class='ocrx_word' id='word_1_399' title='bbox 1149 2025 1272 2080; x_wconf 87' lang='lat' dir='ltr'>opifex</span> <span class='ocrx_word' id='word_1_400' title='bbox 1281 2024 1360 2062; x_wconf 87' lang='lat' dir='ltr'>fuit.</span> <span class='ocrx_word' id='word_1_401' title='bbox 1419 2018 1699 2075; x_wconf 87' lang='lat' dir='ltr'>Reperieodem</span> <span class='ocrx_word' id='word_1_402' title='bbox 1714 2020 1826 2056; x_wconf 86' lang='lat' dir='ltr'>etiam</span> <span class='ocrx_word' id='word_1_403' title='bbox 1833 2020 1872 2054; x_wconf 90' lang='lat' dir='ltr'>in</span> <span class='ocrx_word' id='word_1_404' title='bbox 1879 2015 1936 2054; x_wconf 55' lang='lat' dir='ltr'>loa</span> 
     </span>
     <span class='ocr_line' id='line_1_34' title="bbox 216 2071 1935 2145; baseline -0.016 -8"><span class='ocrx_word' id='word_1_405' title='bbox 216 2113 263 2138; x_wconf 92' lang='lat' dir='ltr'>co</span> <span class='ocrx_word' id='word_1_406' title='bbox 281 2096 520 2134; x_wconf 87' lang='lat' dir='ltr'>Anaximenis</span> <span class='ocrx_word' id='word_1_407' title='bbox 531 2089 704 2145; x_wconf 83' lang='lat' dir='ltr'>effigiem.</span> <span class='ocrx_word' id='word_1_408' title='bbox 723 2091 750 2126; x_wconf 88' lang='lat' dir='ltr'>is</span> <span class='ocrx_word' id='word_1_409' title='bbox 768 2091 807 2125; x_wconf 85' lang='lat'><strong>&amp;</strong></span> <span class='ocrx_word' id='word_1_410' title='bbox 822 2085 948 2140; x_wconf 89' lang='lat' dir='ltr'>priscas</span> <span class='ocrx_word' id='word_1_411' title='bbox 958 2085 1190 2129; x_wconf 85' lang='lat' dir='ltr'>Graecorum,</span> <span class='ocrx_word' id='word_1_412' title='bbox 1205 2086 1243 2119; x_wconf 67' lang='grc' dir='ltr'>δέ</span> <span class='ocrx_word' id='word_1_413' title='bbox 1253 2080 1408 2132; x_wconf 86' lang='lat' dir='ltr'>Philippi</span> <span class='ocrx_word' id='word_1_414' title='bbox 1424 2091 1533 2132; x_wconf 86' lang='lat' dir='ltr'>atque</span> <span class='ocrx_word' id='word_1_415' title='bbox 1549 2072 1746 2114; x_wconf 83' lang='lat' dir='ltr'>Alexandri</span> <span class='ocrx_word' id='word_1_416' title='bbox 1754 2087 1808 2112; x_wconf 91' lang='lat' dir='ltr'>tes</span> <span class='ocrx_word' id='word_1_417' title='bbox 1822 2071 1935 2127; x_wconf 83' lang='lat' dir='ltr'>gestas</span> 
     </span>
     <span class='ocr_line' id='line_1_35' title="bbox 216 2127 1938 2209; baseline -0.016 -17"><span class='ocrx_word' id='word_1_418' title='bbox 216 2153 394 2209; x_wconf 80' lang='lat' dir='ltr'>diligenter</span> <span class='ocrx_word' id='word_1_419' title='bbox 410 2146 622 2204; x_wconf 80' lang='lat' dir='ltr'>perscripsit.</span> <span class='ocrx_word' id='word_1_420' title='bbox 638 2145 753 2184; x_wconf 90' lang='lat' dir='ltr'>Hunc</span> <span class='ocrx_word' id='word_1_421' title='bbox 768 2146 801 2182; x_wconf 91' lang='lat' dir='ltr'>ei</span> <span class='ocrx_word' id='word_1_422' title='bbox 817 2142 1025 2195; x_wconf 88' lang='lat' dir='ltr'>Olympicae</span> <span class='ocrx_word' id='word_1_423' title='bbox 1038 2139 1159 2178; x_wconf 79' lang='lat' dir='ltr'>statuae</span> <span class='ocrx_word' id='word_1_424' title='bbox 1173 2137 1361 2176; x_wconf 85' lang='lat' dir='ltr'>honorem</span> <span class='ocrx_word' id='word_1_425' title='bbox 1384 2133 1722 2187; x_wconf 79' lang='lat' dir='ltr'>Lampsacenorum</span> <span class='ocrx_word' id='word_1_426' title='bbox 1734 2132 1858 2168; x_wconf 87' lang='lat' dir='ltr'>ciuitas</span> <span class='ocrx_word' id='word_1_427' title='bbox 1871 2127 1938 2166; x_wconf 85' lang='lat' dir='ltr'>ha·-</span> 
     </span>
     <span class='ocr_line' id='line_1_36' title="bbox 218 2183 1936 2258; baseline -0.016 -10"><span class='ocrx_word' id='word_1_428' title='bbox 218 2210 297 2249; x_wconf 86' lang='lat' dir='ltr'>buit</span> <span class='ocrx_word' id='word_1_429' title='bbox 304 2240 314 2256; x_wconf 86' lang='lat'>,</span> <span class='ocrx_word' id='word_1_430' title='bbox 324 2210 444 2247; x_wconf 89' lang='lat' dir='ltr'>meriti</span> <span class='ocrx_word' id='word_1_431' title='bbox 452 2209 491 2243; x_wconf 88' lang='lat' dir='ltr'>in</span> <span class='ocrx_word' id='word_1_432' title='bbox 499 2204 531 2243; x_wconf 90' lang='lat' dir='ltr'>se</span> <span class='ocrx_word' id='word_1_433' title='bbox 539 2205 693 2258; x_wconf 79' lang='lat' dir='ltr'>gratiam</span> <span class='ocrx_word' id='word_1_434' title='bbox 702 2199 871 2239; x_wconf 87' lang='lat' dir='ltr'>referens.</span> <span class='ocrx_word' id='word_1_435' title='bbox 882 2211 966 2237; x_wconf 90' lang='lat' dir='ltr'>eam</span> <span class='ocrx_word' id='word_1_436' title='bbox 974 2199 1076 2236; x_wconf 89' lang='lat' dir='ltr'>enim</span> <span class='ocrx_word' id='word_1_437' title='bbox 1084 2193 1130 2233; x_wconf 90' lang='lat' dir='ltr'>ab</span> <span class='ocrx_word' id='word_1_438' title='bbox 1138 2197 1248 2233; x_wconf 88' lang='lat' dir='ltr'>exitio</span> <span class='ocrx_word' id='word_1_439' title='bbox 1264 2195 1450 2231; x_wconf 85' lang='lat' dir='ltr'>ciuitatem</span> <span class='ocrx_word' id='word_1_440' title='bbox 1459 2187 1651 2228; x_wconf 86' lang='lat' dir='ltr'>calliditate</span> <span class='ocrx_word' id='word_1_441' title='bbox 1659 2186 1718 2225; x_wconf 85' lang='lat' dir='ltr'>sua</span> <span class='ocrx_word' id='word_1_442' title='bbox 1725 2183 1936 2224; x_wconf 87' lang='lat' dir='ltr'>vindicarat.</span> 
     </span>
     <span class='ocr_line' id='line_1_37' title="bbox 217 2239 1938 2312; baseline -0.017 -6"><span class='ocrx_word' id='word_1_443' title='bbox 217 2266 302 2306; x_wconf 86' lang='lat' dir='ltr'>Erat</span> <span class='ocrx_word' id='word_1_444' title='bbox 311 2260 520 2303; x_wconf 78' lang='lat' dir='ltr'>Alexander</span> <span class='ocrx_word' id='word_1_445' title='bbox 531 2259 687 2312; x_wconf 89' lang='lat' dir='ltr'>Philippi</span> <span class='ocrx_word' id='word_1_446' title='bbox 695 2256 787 2295; x_wconf 75' lang='lat' dir='ltr'>filius</span> <span class='ocrx_word' id='word_1_447' title='bbox 797 2252 1017 2308; x_wconf 89' lang='lat' dir='ltr'>implacabili</span> <span class='ocrx_word' id='word_1_448' title='bbox 1025 2251 1230 2305; x_wconf 88' lang='lat' dir='ltr'>plerunque</span> <span class='ocrx_word' id='word_1_449' title='bbox 1243 2251 1406 2302; x_wconf 80' lang='lat' dir='ltr'>ingenio,</span> <span class='ocrx_word' id='word_1_450' title='bbox 1415 2251 1454 2285; x_wconf 86' lang='lat'><strong>&amp;</strong></span> <span class='ocrx_word' id='word_1_451' title='bbox 1462 2244 1508 2284; x_wconf 92' lang='lat' dir='ltr'>ad</span> <span class='ocrx_word' id='word_1_452' title='bbox 1517 2248 1610 2283; x_wconf 84' lang='lat' dir='ltr'>iram</span> <span class='ocrx_word' id='word_1_453' title='bbox 1620 2242 1827 2297; x_wconf 85' lang='lat' dir='ltr'>procliuior.</span> <span class='ocrx_word' id='word_1_454' title='bbox 1836 2239 1938 2278; x_wconf 90' lang='lat' dir='ltr'>hunc</span> 
     </span>
     <span class='ocr_line' id='line_1_38' title="bbox 217 2301 1937 2361; baseline -0.015 -1"><span class='ocrx_word' id='word_1_455' title='bbox 217 2323 468 2360; x_wconf 84' lang='lat' dir='ltr'>Anaximenes</span> <span class='ocrx_word' id='word_1_456' title='bbox 484 2315 697 2355; x_wconf 87' lang='lat' dir='ltr'>irascentem</span> <span class='ocrx_word' id='word_1_457' title='bbox 707 2311 961 2351; x_wconf 88' lang='lat' dir='ltr'>vehementius</span> <span class='ocrx_word' id='word_1_458' title='bbox 971 2306 1226 2361; x_wconf 83' lang='lat' dir='ltr'>Lampsacenis</span> <span class='ocrx_word' id='word_1_459' title='bbox 1235 2335 1244 2352; x_wconf 80' lang='lat'>‚</span> <span class='ocrx_word' id='word_1_460' title='bbox 1254 2309 1293 2343; x_wconf 85' lang='lat'>&amp;</span> <span class='ocrx_word' id='word_1_461' title='bbox 1307 2316 1471 2343; x_wconf 88' lang='lat' dir='ltr'>extrema</span> <span class='ocrx_word' id='word_1_462' title='bbox 1485 2304 1614 2340; x_wconf 89' lang='lat' dir='ltr'>omnia</span> <span class='ocrx_word' id='word_1_463' title='bbox 1627 2301 1937 2344; x_wconf 88' lang='lat' dir='ltr'>comminantem,</span> 
     </span>
     <span class='ocr_line' id='line_1_39' title="bbox 219 2351 1938 2433; baseline -0.016 -17"><span class='ocrx_word' id='word_1_464' title='bbox 219 2371 325 2433; x_wconf 75' lang='lat' dir='ltr'>quod</span> <span class='ocrx_word' id='word_1_465' title='bbox 334 2374 380 2414; x_wconf 91' lang='lat' dir='ltr'>ad</span> <span class='ocrx_word' id='word_1_466' title='bbox 389 2373 576 2413; x_wconf 85' lang='lat' dir='ltr'>Persarum</span> <span class='ocrx_word' id='word_1_467' title='bbox 584 2384 710 2424; x_wconf 88' lang='lat' dir='ltr'>regem</span> <span class='ocrx_word' id='word_1_468' title='bbox 723 2368 782 2407; x_wconf 91' lang='lat' dir='ltr'>vel</span> <span class='ocrx_word' id='word_1_469' title='bbox 794 2372 868 2406; x_wconf 89' lang='lat' dir='ltr'>iam</span> <span class='ocrx_word' id='word_1_470' title='bbox 879 2362 1103 2410; x_wconf 81' lang='lat' dir='ltr'>defecissent,</span> <span class='ocrx_word' id='word_1_471' title='bbox 1126 2363 1134 2384; x_wconf 71' lang='lat'><em>⁵</em></span> <span class='ocrx_word' id='word_1_472' title='bbox 1149 2361 1207 2401; x_wconf 91' lang='lat' dir='ltr'>vel</span> <span class='ocrx_word' id='word_1_473' title='bbox 1221 2359 1379 2400; x_wconf 88' lang='lat' dir='ltr'>deficere</span> <span class='ocrx_word' id='word_1_474' title='bbox 1393 2362 1613 2413; x_wconf 83' lang='lat' dir='ltr'>cogitarent,</span> <span class='ocrx_word' id='word_1_475' title='bbox 1622 2351 1833 2394; x_wconf 82' lang='lat' dir='ltr'>huiusmodi</span> <span class='ocrx_word' id='word_1_476' title='bbox 1846 2353 1938 2391; x_wconf 89' lang='lat' dir='ltr'>leni-</span> 
     </span>
     <span class='ocr_line' id='line_1_40' title="bbox 218 2407 1940 2473; baseline -0.016 0"><span class='ocrx_word' id='word_1_477' title='bbox 218 2437 271 2473; x_wconf 92' lang='lat' dir='ltr'>uit</span> <span class='ocrx_word' id='word_1_478' title='bbox 279 2431 370 2472; x_wconf 92' lang='lat' dir='ltr'>dolo</span> <span class='ocrx_word' id='word_1_479' title='bbox 378 2461 386 2469; x_wconf 85' lang='lat'><strong>.</strong></span> <span class='ocrx_word' id='word_1_480' title='bbox 396 2428 500 2469; x_wconf 66' lang='lat' dir='ltr'>Cum</span> <span class='ocrx_word' id='word_1_481' title='bbox 508 2429 557 2465; x_wconf 91' lang='lat' dir='ltr'>illi</span> <span class='ocrx_word' id='word_1_482' title='bbox 571 2426 617 2465; x_wconf 92' lang='lat' dir='ltr'>de</span> <span class='ocrx_word' id='word_1_483' title='bbox 625 2425 755 2471; x_wconf 87' lang='lat' dir='ltr'>libetis,</span> <span class='ocrx_word' id='word_1_484' title='bbox 764 2421 950 2468; x_wconf 89' lang='lat' dir='ltr'>vxoribus,</span> <span class='ocrx_word' id='word_1_485' title='bbox 959 2423 1027 2459; x_wconf 73' lang='lat' dir='ltr'>aris</span> <span class='ocrx_word' id='word_1_486' title='bbox 1042 2418 1229 2472; x_wconf 81' lang='lat' dir='ltr'>atquefhcis</span> <span class='ocrx_word' id='word_1_487' title='bbox 1237 2448 1247 2465; x_wconf 87' lang='lat'>‚</span> <span class='ocrx_word' id='word_1_488' title='bbox 1255 2421 1294 2455; x_wconf 87' lang='lat'>&amp;</span> <span class='ocrx_word' id='word_1_489' title='bbox 1308 2411 1568 2469; x_wconf 64' lang='lat' dir='ltr'>vniuerfhplanb</span> <span class='ocrx_word' id='word_1_490' title='bbox 1575 2414 1687 2467; x_wconf 90' lang='lat' dir='ltr'>patria</span> <span class='ocrx_word' id='word_1_491' title='bbox 1704 2409 1842 2449; x_wconf 88' lang='lat' dir='ltr'>solliciti</span> <span class='ocrx_word' id='word_1_492' title='bbox 1850 2439 1860 2456; x_wconf 92' lang='lat'><em>‚</em></span> <span class='ocrx_word' id='word_1_493' title='bbox 1869 2407 1940 2446; x_wconf 90' lang='lat' dir='ltr'>ho—</span> 
     </span>
     <span class='ocr_line' id='line_1_41' title="bbox 218 2462 2011 2532; baseline -0.016 -4"><span class='ocrx_word' id='word_1_494' title='bbox 218 2492 365 2528; x_wconf 89' lang='lat' dir='ltr'>minem</span> <span class='ocrx_word' id='word_1_495' title='bbox 378 2499 460 2525; x_wconf 89' lang='lat' dir='ltr'>tum</span> <span class='ocrx_word' id='word_1_496' title='bbox 476 2480 688 2522; x_wconf 83' lang='lat' dir='ltr'>Alexandro</span> <span class='ocrx_word' id='word_1_497' title='bbox 700 2493 780 2519; x_wconf 88' lang='lat' dir='ltr'>tum</span> <span class='ocrx_word' id='word_1_498' title='bbox 793 2478 962 2532; x_wconf 86' lang='lat' dir='ltr'>Philippo</span> <span class='ocrx_word' id='word_1_499' title='bbox 978 2480 1090 2516; x_wconf 84' lang='lat' dir='ltr'>etiam</span> <span class='ocrx_word' id='word_1_500' title='bbox 1107 2474 1190 2514; x_wconf 76' lang='lat' dir='ltr'>ante</span> <span class='ocrx_word' id='word_1_501' title='bbox 1205 2473 1321 2527; x_wconf 76' lang='lat' dir='ltr'>probe</span> <span class='ocrx_word' id='word_1_502' title='bbox 1336 2474 1530 2526; x_wconf 86' lang='lat' dir='ltr'>cognitum</span> <span class='ocrx_word' id='word_1_503' title='bbox 1546 2500 1556 2516; x_wconf 90' lang='lat'>‚</span> <span class='ocrx_word' id='word_1_504' title='bbox 1572 2467 1812 2521; x_wconf 90' lang='lat' dir='ltr'>deprecatum</span> <span class='ocrx_word' id='word_1_505' title='bbox 1828 2462 1941 2502; x_wconf 78' lang='lat' dir='ltr'>milis·</span> <span class='ocrx_word' id='word_1_506' title='bbox 1961 2476 2011 2512; x_wconf 88' lang='lat'>40</span> 
     </span>
     <span class='ocr_line' id='line_1_42' title="bbox 219 2522 1941 2592; baseline -0.015 -8"><span class='ocrx_word' id='word_1_507' title='bbox 219 2545 313 2592; x_wconf 90' lang='lat' dir='ltr'>sent,</span> <span class='ocrx_word' id='word_1_508' title='bbox 328 2548 367 2581; x_wconf 70' lang='grc' dir='ltr'>δε</span> <span class='ocrx_word' id='word_1_509' title='bbox 375 2538 585 2581; x_wconf 87' lang='lat' dir='ltr'>Alexander</span> <span class='ocrx_word' id='word_1_510' title='bbox 593 2541 740 2592; x_wconf 88' lang='lat' dir='ltr'>cognita</span> <span class='ocrx_word' id='word_1_511' title='bbox 750 2534 927 2575; x_wconf 88' lang='lat' dir='ltr'>aduentus</span> <span class='ocrx_word' id='word_1_512' title='bbox 943 2531 1045 2571; x_wconf 82' lang='lat' dir='ltr'>causa</span> <span class='ocrx_word' id='word_1_513' title='bbox 1053 2530 1170 2570; x_wconf 86' lang='lat' dir='ltr'>verbis</span> <span class='ocrx_word' id='word_1_514' title='bbox 1179 2531 1367 2582; x_wconf 89' lang='lat' dir='ltr'>conceptis</span> <span class='ocrx_word' id='word_1_515' title='bbox 1375 2524 1515 2566; x_wconf 79' lang='lat' dir='ltr'>iurasset</span> <span class='ocrx_word' id='word_1_516' title='bbox 1522 2556 1532 2572; x_wconf 91' lang='lat'>,</span> <span class='ocrx_word' id='word_1_517' title='bbox 1543 2525 1763 2563; x_wconf 74' lang='lat' dir='ltr'>Graecorum</span> <span class='ocrx_word' id='word_1_518' title='bbox 1772 2522 1878 2560; x_wconf 90' lang='lat' dir='ltr'>Deos</span> <span class='ocrx_word' id='word_1_519' title='bbox 1886 2532 1941 2560; x_wconf 83' lang='lat' dir='ltr'>te·-</span> 
     </span>
     <span class='ocr_line' id='line_1_43' title="bbox 219 2579 1940 2647; baseline -0.014 -7"><span class='ocrx_word' id='word_1_520' title='bbox 219 2601 344 2647; x_wconf 86' lang='lat' dir='ltr'>status,</span> <span class='ocrx_word' id='word_1_521' title='bbox 355 2598 540 2637; x_wconf 59' lang='lat' dir='ltr'>facturum</span> <span class='ocrx_word' id='word_1_522' title='bbox 554 2593 587 2634; x_wconf 92' lang='lat' dir='ltr'>se</span> <span class='ocrx_word' id='word_1_523' title='bbox 596 2596 725 2633; x_wconf 87' lang='lat' dir='ltr'>omnia</span> <span class='ocrx_word' id='word_1_524' title='bbox 733 2590 862 2631; x_wconf 74' lang='lat' dir='ltr'>contra</span> <span class='ocrx_word' id='word_1_525' title='bbox 876 2588 990 2643; x_wconf 71' lang='lat' dir='ltr'>quam</span> <span class='ocrx_word' id='word_1_526' title='bbox 999 2588 1058 2626; x_wconf 91' lang='lat' dir='ltr'>ille</span> <span class='ocrx_word' id='word_1_527' title='bbox 1072 2584 1243 2641; x_wconf 82' lang='lat' dir='ltr'>rogasset,</span> <span class='ocrx_word' id='word_1_528' title='bbox 1252 2584 1322 2624; x_wconf 91' lang='lat' dir='ltr'>hac</span> <span class='ocrx_word' id='word_1_529' title='bbox 1335 2597 1424 2622; x_wconf 91' lang='lat' dir='ltr'>eum</span> <span class='ocrx_word' id='word_1_530' title='bbox 1435 2582 1487 2622; x_wconf 91' lang='lat' dir='ltr'>est</span> <span class='ocrx_word' id='word_1_531' title='bbox 1502 2582 1752 2619; x_wconf 85' lang='lat' dir='ltr'>Anaximenes</span> <span class='ocrx_word' id='word_1_532' title='bbox 1771 2579 1940 2617; x_wconf 85' lang='lat' dir='ltr'>oratione</span> 
     </span>
     <span class='ocr_line' id='line_1_44' title="bbox 218 2631 1940 2703; baseline -0.015 -7"><span class='ocrx_word' id='word_1_533' title='bbox 218 2655 367 2696; x_wconf 86' lang='lat' dir='ltr'>adortus</span> <span class='ocrx_word' id='word_1_534' title='bbox 377 2671 384 2692; x_wconf 75' lang='grc' dir='ltr'>ε</span> <span class='ocrx_word' id='word_1_535' title='bbox 396 2655 484 2692; x_wconf 93' lang='lat' dir='ltr'>Hoc</span> <span class='ocrx_word' id='word_1_536' title='bbox 496 2651 559 2691; x_wconf 77' lang='lat' dir='ltr'>ate</span> <span class='ocrx_word' id='word_1_537' title='bbox 567 2664 630 2690; x_wconf 88' lang='lat' dir='ltr'>rex</span> <span class='ocrx_word' id='word_1_538' title='bbox 638 2647 804 2703; x_wconf 88' lang='lat' dir='ltr'>precibus</span> <span class='ocrx_word' id='word_1_539' title='bbox 819 2644 1028 2691; x_wconf 88' lang='lat' dir='ltr'>contendo,</span> <span class='ocrx_word' id='word_1_540' title='bbox 1038 2657 1078 2682; x_wconf 92' lang='lat' dir='ltr'>vt</span> <span class='ocrx_word' id='word_1_541' title='bbox 1094 2640 1433 2696; x_wconf 88' lang='lat' dir='ltr'>Lampsacenorum</span> <span class='ocrx_word' id='word_1_542' title='bbox 1446 2640 1622 2690; x_wconf 88' lang='lat' dir='ltr'>coniuges</span> <span class='ocrx_word' id='word_1_543' title='bbox 1638 2633 1816 2673; x_wconf 87' lang='lat' dir='ltr'>&amp;liberos</span> <span class='ocrx_word' id='word_1_544' title='bbox 1824 2636 1863 2671; x_wconf 91' lang='lat' dir='ltr'>in</span> <span class='ocrx_word' id='word_1_545' title='bbox 1870 2631 1940 2672; x_wconf 68' lang='lat' dir='ltr'>ser-</span> 
     </span>
     <span class='ocr_line' id='line_1_45' title="bbox 219 2688 1939 2764; baseline -0.015 -13"><span class='ocrx_word' id='word_1_546' title='bbox 219 2717 377 2753; x_wconf 87' lang='lat' dir='ltr'>uitutem</span> <span class='ocrx_word' id='word_1_547' title='bbox 392 2708 532 2764; x_wconf 83' lang='lat' dir='ltr'>redigas</span> <span class='ocrx_word' id='word_1_548' title='bbox 541 2739 551 2756; x_wconf 85' lang='lat'>,</span> <span class='ocrx_word' id='word_1_549' title='bbox 559 2706 691 2747; x_wconf 86' lang='lat' dir='ltr'>vrbem</span> <span class='ocrx_word' id='word_1_550' title='bbox 700 2717 817 2744; x_wconf 89' lang='lat' dir='ltr'>totam</span> <span class='ocrx_word' id='word_1_551' title='bbox 827 2699 998 2742; x_wconf 88' lang='lat' dir='ltr'>excindas</span> <span class='ocrx_word' id='word_1_552' title='bbox 1006 2732 1016 2749; x_wconf 87' lang='lat'>‚</span> <span class='ocrx_word' id='word_1_553' title='bbox 1025 2704 1065 2738; x_wconf 90' lang='lat'>&amp;</span> <span class='ocrx_word' id='word_1_554' title='bbox 1074 2700 1249 2738; x_wconf 89' lang='lat' dir='ltr'>Deorum</span> <span class='ocrx_word' id='word_1_555' title='bbox 1261 2696 1398 2750; x_wconf 88' lang='lat' dir='ltr'>templa</span> <span class='ocrx_word' id='word_1_556' title='bbox 1410 2708 1546 2734; x_wconf 85' lang='lat' dir='ltr'>exuras.</span> <span class='ocrx_word' id='word_1_557' title='bbox 1558 2693 1627 2731; x_wconf 91' lang='lat' dir='ltr'>His</span> <span class='ocrx_word' id='word_1_558' title='bbox 1642 2688 1852 2730; x_wconf 86' lang='lat' dir='ltr'>Alexander</span> <span class='ocrx_word' id='word_1_559' title='bbox 1859 2701 1939 2727; x_wconf 86' lang='lat' dir='ltr'>am·-</span> 
     </span>
     <span class='ocr_line' id='line_1_46' title="bbox 221 2746 1940 2822; baseline -0.015 -14"><span class='ocrx_word' id='word_1_560' title='bbox 221 2767 373 2822; x_wconf 84' lang='lat' dir='ltr'>bagibus</span> <span class='ocrx_word' id='word_1_561' title='bbox 383 2755 656 2805; x_wconf 70' lang='lat' dir='ltr'>circumuen&#39;ms</span> <span class='ocrx_word' id='word_1_562' title='bbox 665 2793 675 2809; x_wconf 86' lang='lat'>‚</span> <span class='ocrx_word' id='word_1_563' title='bbox 685 2760 773 2800; x_wconf 76' lang='lat' dir='ltr'>cum</span> <span class='ocrx_word' id='word_1_564' title='bbox 782 2758 815 2798; x_wconf 91' lang='lat' dir='ltr'>se</span> <span class='ocrx_word' id='word_1_565' title='bbox 823 2762 981 2797; x_wconf 88' lang='lat' dir='ltr'>iuratum</span> <span class='ocrx_word' id='word_1_566' title='bbox 996 2752 1234 2801; x_wconf 76' lang='lat' dir='ltr'>meminisset,</span> <span class='ocrx_word' id='word_1_567' title='bbox 1247 2755 1427 2792; x_wconf 88' lang='lat' dir='ltr'>contraria</span> <span class='ocrx_word' id='word_1_568' title='bbox 1440 2753 1480 2788; x_wconf 91' lang='lat' dir='ltr'>iis</span> <span class='ocrx_word' id='word_1_569' title='bbox 1489 2763 1571 2804; x_wconf 75' lang='lat' dir='ltr'>quae</span> <span class='ocrx_word' id='word_1_570' title='bbox 1580 2759 1787 2802; x_wconf 87' lang='lat' dir='ltr'>precaretur</span> <span class='ocrx_word' id='word_1_571' title='bbox 1801 2746 1940 2784; x_wconf 82' lang='lat' dir='ltr'>Anaxi-</span> 
     </span>
     <span class='ocr_line' id='line_1_47' title="bbox 219 2804 1940 2869; baseline -0.014 -6"><span class='ocrx_word' id='word_1_572' title='bbox 219 2837 366 2869; x_wconf 86' lang='lat' dir='ltr'>menes,</span> <span class='ocrx_word' id='word_1_573' title='bbox 376 2825 504 2861; x_wconf 89' lang='lat' dir='ltr'>omnia</span> <span class='ocrx_word' id='word_1_574' title='bbox 512 2820 545 2859; x_wconf 92' lang='lat' dir='ltr'>se</span> <span class='ocrx_word' id='word_1_575' title='bbox 553 2819 755 2864; x_wconf 69' lang='lat' dir='ltr'>fa&amp;urum‚</span> <span class='ocrx_word' id='word_1_576' title='bbox 765 2812 1021 2869; x_wconf 89' lang='lat' dir='ltr'>Lampsacenis</span> <span class='ocrx_word' id='word_1_577' title='bbox 1036 2815 1169 2850; x_wconf 89' lang='lat' dir='ltr'>inuitus</span> <span class='ocrx_word' id='word_1_578' title='bbox 1183 2812 1353 2864; x_wconf 91' lang='lat' dir='ltr'>pepercit.</span> <span class='ocrx_word' id='word_1_579' title='bbox 1366 2806 1471 2846; x_wconf 89' lang='lat' dir='ltr'>Idem</span> <span class='ocrx_word' id='word_1_580' title='bbox 1486 2809 1597 2845; x_wconf 87' lang='lat' dir='ltr'>etiam</span> <span class='ocrx_word' id='word_1_581' title='bbox 1612 2804 1861 2855; x_wconf 73' lang='lat' dir='ltr'>Anaximenes</span> <span class='ocrx_word' id='word_1_582' title='bbox 1869 2804 1940 2839; x_wconf 73' lang='lat' dir='ltr'>ini-</span> 
     </span>
     <span class='ocr_line' id='line_1_48' title="bbox 220 2856 1940 2925; baseline -0.014 -7"><span class='ocrx_word' id='word_1_583' title='bbox 220 2883 366 2918; x_wconf 87' lang='lat' dir='ltr'>micum</span> <span class='ocrx_word' id='word_1_584' title='bbox 376 2877 481 2916; x_wconf 88' lang='lat' dir='ltr'>suum</span> <span class='ocrx_word' id='word_1_585' title='bbox 497 2877 509 2895; x_wconf 91' lang='lat'><strong>⁶</strong></span> <span class='ocrx_word' id='word_1_586' title='bbox 527 2889 608 2914; x_wconf 92' lang='lat' dir='ltr'>non</span> <span class='ocrx_word' id='word_1_587' title='bbox 616 2878 738 2912; x_wconf 89' lang='lat' dir='ltr'>minus</span> <span class='ocrx_word' id='word_1_588' title='bbox 753 2871 852 2911; x_wconf 69' lang='lat' dir='ltr'>vafre</span> <span class='ocrx_word' id='word_1_589' title='bbox 862 2869 977 2925; x_wconf 79' lang='lat' dir='ltr'>quam</span> <span class='ocrx_word' id='word_1_590' title='bbox 990 2866 1170 2907; x_wconf 80' lang='lat' dir='ltr'>inuidiose</span> <span class='ocrx_word' id='word_1_591' title='bbox 1178 2867 1271 2905; x_wconf 90' lang='lat' dir='ltr'>vltus</span> <span class='ocrx_word' id='word_1_592' title='bbox 1281 2863 1421 2904; x_wconf 89' lang='lat' dir='ltr'>dicitur.</span> <span class='ocrx_word' id='word_1_593' title='bbox 1436 2863 1539 2901; x_wconf 90' lang='lat' dir='ltr'>Nam</span> <span class='ocrx_word' id='word_1_594' title='bbox 1548 2857 1769 2915; x_wconf 80' lang='lat' dir='ltr'>qui&#39;ingenio</span> <span class='ocrx_word' id='word_1_595' title='bbox 1784 2856 1940 2911; x_wconf 82' lang='lat' dir='ltr'>sophista</span> 
     </span>
     <span class='ocr_line' id='line_1_49' title="bbox 219 2913 1941 2985; baseline -0.014 -11"><span class='ocrx_word' id='word_1_596' title='bbox 219 2934 321 2982; x_wconf 81' lang='lat' dir='ltr'>essct,</span> <span class='ocrx_word' id='word_1_597' title='bbox 331 2933 419 2974; x_wconf 76' lang='lat' dir='ltr'>cum</span> <span class='ocrx_word' id='word_1_598' title='bbox 427 2931 665 2985; x_wconf 90' lang='lat' dir='ltr'>sophistarum</span> <span class='ocrx_word' id='word_1_599' title='bbox 681 2932 888 2968; x_wconf 87' lang='lat' dir='ltr'>orationem</span> <span class='ocrx_word' id='word_1_600' title='bbox 904 2924 1080 2979; x_wconf 74' lang='lat' dir='ltr'>aptissime</span> <span class='ocrx_word' id='word_1_601' title='bbox 1095 2926 1313 2967; x_wconf 88' lang='lat' dir='ltr'>imitaretur,</span> <span class='ocrx_word' id='word_1_602' title='bbox 1323 2918 1479 2972; x_wconf 86' lang='lat' dir='ltr'>suscepta</span> <span class='ocrx_word' id='word_1_603' title='bbox 1492 2931 1581 2956; x_wconf 89' lang='lat' dir='ltr'>cum</span> <span class='ocrx_word' id='word_1_604' title='bbox 1593 2915 1850 2968; x_wconf 89' lang='lat' dir='ltr'>Theopompo</span> <span class='ocrx_word' id='word_1_605' title='bbox 1859 2913 1941 2951; x_wconf 86' lang='lat' dir='ltr'>Da·-</span> 
     </span>
     <span class='ocr_line' id='line_1_50' title="bbox 218 2967 1941 3034; baseline -0.014 -4"><span class='ocrx_word' id='word_1_606' title='bbox 218 2990 407 3030; x_wconf 85' lang='lat' dir='ltr'>masistrati</span> <span class='ocrx_word' id='word_1_607' title='bbox 415 2987 491 3027; x_wconf 86' lang='lat' dir='ltr'>filio</span> <span class='ocrx_word' id='word_1_608' title='bbox 500 2987 692 3032; x_wconf 87' lang='lat' dir='ltr'>fimultate,</span> <span class='ocrx_word' id='word_1_609' title='bbox 711 2985 724 3004; x_wconf 88' lang='lat'><strong><em>⁷</em></strong></span> <span class='ocrx_word' id='word_1_610' title='bbox 740 2983 930 3022; x_wconf 90' lang='lat' dir='ltr'>historiam</span> <span class='ocrx_word' id='word_1_611' title='bbox 938 2978 1144 3034; x_wconf 82' lang='lat' dir='ltr'>conscripsit</span> <span class='ocrx_word' id='word_1_612' title='bbox 1158 2976 1442 3016; x_wconf 73' lang='lat' dir='ltr'>malediCtorum</span> <span class='ocrx_word' id='word_1_613' title='bbox 1450 2978 1488 3012; x_wconf 91' lang='lat' dir='ltr'>in</span> <span class='ocrx_word' id='word_1_614' title='bbox 1496 2970 1736 3011; x_wconf 85' lang='lat' dir='ltr'>Athenienses</span> <span class='ocrx_word' id='word_1_615' title='bbox 1747 3000 1756 3017; x_wconf 86' lang='lat'>‚</span> <span class='ocrx_word' id='word_1_616' title='bbox 1768 2967 1941 3008; x_wconf 84' lang='lat' dir='ltr'>Lacedae-</span> 
     </span>
     <span class='ocr_line' id='line_1_51' title="bbox 219 3023 2036 3094; baseline -0.014 -8"><span class='ocrx_word' id='word_1_617' title='bbox 219 3050 370 3086; x_wconf 90' lang='lat' dir='ltr'>monios</span> <span class='ocrx_word' id='word_1_618' title='bbox 384 3076 393 3093; x_wconf 92' lang='lat'>‚</span> <span class='ocrx_word' id='word_1_619' title='bbox 403 3049 442 3083; x_wconf 85' lang='lat'>&amp;</span> <span class='ocrx_word' id='word_1_620' title='bbox 449 3042 652 3082; x_wconf 87' lang='lat' dir='ltr'>Thebanos</span> <span class='ocrx_word' id='word_1_621' title='bbox 661 3038 916 3094; x_wconf 81' lang='lat' dir='ltr'>plenissimam.</span> <span class='ocrx_word' id='word_1_622' title='bbox 927 3036 988 3076; x_wconf 93' lang='lat' dir='ltr'>Ad</span> <span class='ocrx_word' id='word_1_623' title='bbox 995 3048 1161 3090; x_wconf 86' lang='lat' dir='ltr'>vnguem</span> <span class='ocrx_word' id='word_1_624' title='bbox 1174 3033 1264 3073; x_wconf 78' lang='lat' dir='ltr'>vero</span> <span class='ocrx_word' id='word_1_625' title='bbox 1272 3031 1361 3071; x_wconf 77' lang='lat' dir='ltr'>cum</span> <span class='ocrx_word' id='word_1_626' title='bbox 1369 3029 1611 3083; x_wconf 88' lang='lat' dir='ltr'>Theopompi</span> <span class='ocrx_word' id='word_1_627' title='bbox 1620 3027 1749 3081; x_wconf 89' lang='lat' dir='ltr'>stylum</span> <span class='ocrx_word' id='word_1_628' title='bbox 1759 3023 1939 3079; x_wconf 85' lang='lat' dir='ltr'>expreffis-</span> <span class='ocrx_word' id='word_1_629' title='bbox 1968 3035 2010 3072; x_wconf 78' lang='lat'>50</span> <span class='ocrx_word' id='word_1_630' title='bbox 2032 3050 2036 3051; x_wconf 18' lang='grc' dir='ltr'><em>γ</em></span> 
     </span>
     <span class='ocr_line' id='line_1_52' title="bbox 221 3083 1939 3156; baseline -0.015 -13"><span class='ocrx_word' id='word_1_631' title='bbox 221 3103 288 3150; x_wconf 88' lang='lat' dir='ltr'>set,</span> <span class='ocrx_word' id='word_1_632' title='bbox 298 3100 480 3156; x_wconf 83' lang='lat' dir='ltr'>supposito</span> <span class='ocrx_word' id='word_1_633' title='bbox 489 3103 564 3138; x_wconf 87' lang='lat' dir='ltr'>eius</span> <span class='ocrx_word' id='word_1_634' title='bbox 573 3100 748 3142; x_wconf 77' lang='lat' dir='ltr'>nomine,</span> <span class='ocrx_word' id='word_1_635' title='bbox 756 3107 821 3148; x_wconf 88' lang='lat' dir='ltr'>per</span> <span class='ocrx_word' id='word_1_636' title='bbox 836 3094 988 3131; x_wconf 80' lang='lat' dir='ltr'>Graeciae</span> <span class='ocrx_word' id='word_1_637' title='bbox 996 3095 1157 3130; x_wconf 86' lang='lat' dir='ltr'>ciuitates</span> <span class='ocrx_word' id='word_1_638' title='bbox 1171 3089 1307 3128; x_wconf 89' lang='lat' dir='ltr'>librum</span> <span class='ocrx_word' id='word_1_639' title='bbox 1328 3083 1597 3140; x_wconf 83' lang='lat' dir='ltr'>diuulganclum</span> <span class='ocrx_word' id='word_1_640' title='bbox 1615 3085 1769 3122; x_wconf 87' lang='lat' dir='ltr'>curauit:</span> <span class='ocrx_word' id='word_1_641' title='bbox 1785 3094 1868 3135; x_wconf 82' lang='lat' dir='ltr'>quae</span> <span class='ocrx_word' id='word_1_642' title='bbox 1884 3094 1939 3119; x_wconf 86' lang='lat' dir='ltr'>res</span> 
     </span>
     <span class='ocr_line' id='line_1_53' title="bbox 218 3138 1939 3212; baseline -0.013 -15"><span class='ocrx_word' id='word_1_643' title='bbox 218 3159 476 3212; x_wconf 88' lang='lat' dir='ltr'>Theopompo</span> <span class='ocrx_word' id='word_1_644' title='bbox 486 3167 662 3208; x_wconf 85' lang='lat' dir='ltr'>magnam</span> <span class='ocrx_word' id='word_1_645' title='bbox 676 3149 772 3205; x_wconf 85' lang='lat' dir='ltr'>apud</span> <span class='ocrx_word' id='word_1_646' title='bbox 782 3162 914 3193; x_wconf 82' lang='lat' dir='ltr'>omnes</span> <span class='ocrx_word' id='word_1_647' title='bbox 929 3148 1036 3201; x_wconf 75' lang='lat' dir='ltr'>plane</span> <span class='ocrx_word' id='word_1_648' title='bbox 1045 3148 1196 3186; x_wconf 86' lang='lat' dir='ltr'>Graecos</span> <span class='ocrx_word' id='word_1_649' title='bbox 1204 3142 1382 3183; x_wconf 83' lang='lat' dir='ltr'>inuidiam</span> <span class='ocrx_word' id='word_1_650' title='bbox 1397 3143 1610 3181; x_wconf 87' lang='lat' dir='ltr'>concitauit.</span> <span class='ocrx_word' id='word_1_651' title='bbox 1625 3139 1722 3176; x_wconf 91' lang='lat' dir='ltr'>Ante</span> <span class='ocrx_word' id='word_1_652' title='bbox 1737 3138 1939 3175; x_wconf 85' lang='lat' dir='ltr'>Anaxime—</span> 
     </span>
     <span class='ocr_line' id='line_1_54' title="bbox 220 3192 1939 3268; baseline -0.015 -15"><span class='ocrx_word' id='word_1_653' title='bbox 220 3229 310 3253; x_wconf 88' lang='lat' dir='ltr'>nem</span> <span class='ocrx_word' id='word_1_654' title='bbox 319 3211 473 3268; x_wconf 88' lang='lat' dir='ltr'>quidem</span> <span class='ocrx_word' id='word_1_655' title='bbox 482 3224 596 3250; x_wconf 80' lang='lat' dir='ltr'>nenio</span> <span class='ocrx_word' id='word_1_656' title='bbox 607 3207 719 3247; x_wconf 78' lang='lat' dir='ltr'>stibita</span> <span class='ocrx_word' id='word_1_657' title='bbox 727 3208 894 3246; x_wconf 86' lang='lat' dir='ltr'>oratione</span> <span class='ocrx_word' id='word_1_658' title='bbox 902 3216 1054 3242; x_wconf 86' lang='lat' dir='ltr'>conatus</span> <span class='ocrx_word' id='word_1_659' title='bbox 1062 3202 1113 3241; x_wconf 91' lang='lat' dir='ltr'>est</span> <span class='ocrx_word' id='word_1_660' title='bbox 1120 3201 1250 3241; x_wconf 90' lang='lat' dir='ltr'>dicere.</span> <span class='ocrx_word' id='word_1_661' title='bbox 1261 3200 1339 3238; x_wconf 81' lang='lat' dir='ltr'>Iam</span> <span class='ocrx_word' id='word_1_662' title='bbox 1347 3200 1460 3252; x_wconf 87' lang='lat' dir='ltr'>quiin</span> <span class='ocrx_word' id='word_1_663' title='bbox 1472 3193 1726 3235; x_wconf 85' lang='lat' dir='ltr'>Alexandrum</span> <span class='ocrx_word' id='word_1_664' title='bbox 1735 3192 1850 3245; x_wconf 88' lang='lat' dir='ltr'>scripti</span> <span class='ocrx_word' id='word_1_665' title='bbox 1859 3205 1939 3230; x_wconf 89' lang='lat' dir='ltr'>ver-</span> 
     </span>
     <span class='ocr_line' id='line_1_55' title="bbox 221 3248 1882 3313; baseline -0.015 -4"><span class='ocrx_word' id='word_1_666' title='bbox 221 3269 275 3307; x_wconf 89' lang='lat' dir='ltr'>sus</span> <span class='ocrx_word' id='word_1_667' title='bbox 284 3274 359 3308; x_wconf 86' lang='lat' dir='ltr'>eius</span> <span class='ocrx_word' id='word_1_668' title='bbox 367 3271 523 3307; x_wconf 89' lang='lat' dir='ltr'>nomine</span> <span class='ocrx_word' id='word_1_669' title='bbox 532 3263 852 3308; x_wconf 85' lang='lat' dir='ltr'>circumferuntur,</span> <span class='ocrx_word' id='word_1_670' title='bbox 862 3273 946 3298; x_wconf 86' lang='lat' dir='ltr'>mea</span> <span class='ocrx_word' id='word_1_671' title='bbox 954 3257 1108 3313; x_wconf 89' lang='lat' dir='ltr'>quidem</span> <span class='ocrx_word' id='word_1_672' title='bbox 1117 3257 1291 3296; x_wconf 86' lang='lat' dir='ltr'>sententia</span> <span class='ocrx_word' id='word_1_673' title='bbox 1299 3254 1388 3293; x_wconf 73' lang='lat' dir='ltr'>falso</span> <span class='ocrx_word' id='word_1_674' title='bbox 1397 3253 1621 3292; x_wconf 82' lang='lat' dir='ltr'>Anaximeni</span> <span class='ocrx_word' id='word_1_675' title='bbox 1629 3248 1882 3289; x_wconf 85' lang='lat' dir='ltr'>attribuuntur.</span> 
     </span>
    </p>
   </div>
   <div class='ocr_carea' id='block_1_4' title="bbox 219 3303 1968 3406">
    <p class='ocr_par' dir='ltr' id='par_1_7' title="bbox 219 3303 1968 3406">
     <span class='ocr_line' id='line_1_56' title="bbox 219 3303 1936 3379; baseline -0.015 -14"><span class='ocrx_word' id='word_1_676' title='bbox 219 3324 374 3365; x_wconf 86' lang='lat' dir='ltr'>Sotades</span> <span class='ocrx_word' id='word_1_677' title='bbox 386 3325 561 3379; x_wconf 81' lang='lat' dir='ltr'>longioris</span> <span class='ocrx_word' id='word_1_678' title='bbox 577 3319 744 3362; x_wconf 85' lang='lat' dir='ltr'>curriculi</span> <span class='ocrx_word' id='word_1_679' title='bbox 752 3318 870 3358; x_wconf 63' lang='lat' dir='ltr'>victor</span> <span class='ocrx_word' id='word_1_680' title='bbox 885 3312 1112 3370; x_wconf 85' lang='lat' dir='ltr'>Olympiade</span> <span class='ocrx_word' id='word_1_681' title='bbox 1126 3326 1228 3354; x_wconf 85' lang='lat' dir='ltr'>nona</span> <span class='ocrx_word' id='word_1_682' title='bbox 1246 3311 1350 3367; x_wconf 86' lang='lat' dir='ltr'>supra</span> <span class='ocrx_word' id='word_1_683' title='bbox 1364 3306 1662 3364; x_wconf 81' lang='lat' dir='ltr'>nonagesimam,</span> <span class='ocrx_word' id='word_1_684' title='bbox 1675 3303 1857 3345; x_wconf 81' lang='lat' dir='ltr'>Cretensis</span> <span class='ocrx_word' id='word_1_685' title='bbox 1869 3305 1936 3352; x_wconf 87' lang='lat' dir='ltr'>(vti</span> 
     </span>
     <span class='ocr_line' id='line_1_57' title="bbox 1854 3358 1968 3406; baseline -0.026 -9"><span class='ocrx_word' id='word_1_686' title='bbox 1854 3358 1933 3406; x_wconf 87' lang='lat' dir='ltr'>fuit)</span> <span class='ocrx_word' id='word_1_687' title='bbox 1965 3372 1968 3373; x_wconf 45' lang='lat'><em>⁷</em></span> 
     </span>
    </p>
   </div>
   <div class='ocr_carea' id='block_1_5' title="bbox 1949 788 1995 818">
    <p class='ocr_par' dir='ltr' id='par_1_8' title="bbox 1949 788 1995 818">
     <span class='ocr_line' id='line_1_58' title="bbox 1949 788 1995 818; baseline -0.065 0"><span class='ocrx_word' id='word_1_688' title='bbox 1949 788 1995 818; x_wconf 60' lang='lat'>*1‘0</span> 
     </span>
    </p>
   </div>
   <div class='ocr_carea' id='block_1_6' title="bbox 129 3117 194 3157">
    <p class='ocr_par' dir='ltr' id='par_1_9' title="bbox 129 3117 194 3157">
     <span class='ocr_line' id='line_1_59' title="bbox 129 3117 194 3157; baseline -0.046 -5"><span class='ocrx_word' id='word_1_689' title='bbox 129 3117 194 3157; x_wconf 83' lang='lat'>196</span> 
     </span>
    </p>
   </div>
  </div>
 </body>
</html>
