2047 3665
187 217 260 242 200
549 187 916 234 PAV'SANIAE
964 185 1352 233 ARCADICA‚
1397 183 1545 224 SIVE

188 337 453 380 Clmonearn,
461 343 621 386 quatuor
630 327 817 381 Olympiae
827 335 993 377 acceptas
1001 320 1141 375 palmas
1151 315 1333 371 praedlcat.
1343 315 1554 353 Nominare
1563 324 1689 350 tamen
1698 322 1787 349 eum
1796 306 1916 361 respu-

190 406 269 439 unt,
280 391 331 430 ob
340 403 424 430 eam
432 386 577 428 causam
587 382 701 424 credo
709 414 719 431 ,
729 380 834 437 quod
844 375 1112 420 Peuenenfium
1125 387 1243 427 remp.
1253 370 1438 410 sustulerit.
1454 380 1645 422 corruptus
1654 369 1757 406 enirn
1765 364 1812 403 ab
1827 365 1916 403 Ale-

188 447 331 489 xandro
341 441 580 499 Philippifilio
587 437 868 480 inuidiofiffimo
876 433 1142 475 dominationis
1151 442 1308 468 munere
1315 458 1326 475 ,
1335 426 1369 466 se
1380 429 1502 482 patriae
1509 424 1784 478 suaetyrannum
1792 425 1916 474 impo-

189 510 228 545 ni
242 503 348 544 facile
357 495 472 557 paffus
481 498 542 540 est.
616 496 677 537 Est
686 497 837 535 Lucinae
847 495 960 532 etiarn
967 488 1062 530 aedes
1074 518 1084 536 ,
1093 486 1113 526 ὲ
1122 483 1393 526 Pellenenlibus
1401 486 1440 521 in
1449 494 1549 536 parte
1557 478 1684 534 oppidi
1695 482 1842 517 minore
1850 475 1915 516 de-

189 562 319 603 dicata.
379 555 502 611 Quod
508 554 599 596 verb
614 551 790 594 Pofidion
799 549 849 601 (id
853 549 902 587 εἶτ’
909 545 1139 601 Neptunium)
1149 541 1293 588 dicitur,
1303 539 1372 578 fuit
1380 539 1473 578 olim
1481 539 1579 577 curia
1588 567 1598 584 ‚
1609 548 1711 574 aetate
1719 534 1843 574 nostra
1850 532 1916 573 de·
2035 568 2047 584 ›-‚

188 619 298 659 sertus
307 615 415 671 plane
428 615 545 661 locus,
554 610 648 651 infra
655 605 905 665 gymnafium3
918 604 927 619 ¹
943 603 1017 643 coli
1024 602 1199 640 tamenin
1210 597 1313 637 hunc
1319 595 1433 650 vsque
1441 593 1543 635 diem
1559 605 1740 646 tanquam
1747 590 1916 644 Neptuni
2028 600 2047 642 'it

102 690 140 727 23
146 684 167 716 6
186 675 320 715 fanum
328 684 524 726 nunquam
534 667 676 709 desitus.
733 664 770 703 A
778 662 927 703 Pellene
933 657 1046 698 stadia
1053 659 1196 696 citciter
1203 653 1385 708 sexaginta
1391 649 1491 691 abest
1501 647 1696 702 Mysaeurn‚
1705 644 1831 701 Myfiae
1839 645 1917 686 Ce·
2031 647 2047 694 32³

187 735 274 772 reris
283 730 486 769 sacrarium.
494 724 708 765 dedicatum
716 720 840 759 ferunt
847 716 868 756 Ξι
874 714 997 770 Myfio
1005 714 1149 768 Argiuo
1156 711 1314 750 homine
1321 726 1330 750 ;
1340 713 1379 747 δε
1388 707 1435 747 ab
1442 721 1489 746 eo
1504 703 1661 760 quidem
1671 702 1830 757 hospitio
1838 702 1915 742 Ce-

186 801 309 828 rerem
317 796 508 838 acceptam
517 783 746 835 Argiuorum
754 774 875 815 sermo
883 772 1057 827 vulgauit.
1068 770 1191 809 Lucus
1199 766 1295 807 estin
1307 763 1447 819 Mysaeo
1455 760 1664 804 condensus
1672 763 1795 799 omnis
1801 772 1916 815 gene·
1941 772 1982 797 ιο

189 849 235 884 ris
245 841 447 888 arboribus,
457 844 497 878 δέ
505 838 726 893 perennium
734 832 899 872 fontium
917 831 1020 883 aquis
1027 829 1180 881 irriguus
1189 854 1196 863 .
1206 822 1329 863 Festos
1338 820 1415 861 dies
1428 823 1566 875 agitant
1580 817 1734 872 septem:
1749 829 1915 911 (ὲιιοηιιῃ
2018 824 2020 827 ’
2043 828 2045 832 ⁴

187 899 329 947 tertio,e
338 896 479 950 templo
487 897 554 934 viri
563 905 696 933 omnes
703 885 1025 930 exeunmnulieres
1033 882 1123 922 vero
1132 884 1229 920 intus
1237 878 1380 925 relietae,
1386 880 1456 916 ritu
1463 875 1484 915 a
1493 873 1695 914 maioribus
1703 885 1756 912 tra
1784 875 1836 913 ito
1843 885 1914 912 no-

187 959 364 997 {turnum
372 962 549 1008 peragunt
558 948 710 989 sacrum.
717 945 859 999 Neque
869 940 961 982 vero
970 944 1067 980 viros
1075 936 1222 978 tantum
1230 933 1433 976 excludunt
1440 963 1451 981 ‚
1460 931 1520 972 sed
1529 944 1638 971 canes
1653 932 1766 969 etiam
1773 927 1914 968 mascu—

184 1015 239 1053 los
247 1015 406 1053 eiiciunr.
418 1007 569 1047 Postero
581 1004 641 1045 die
652 1001 813 1043 reuistmt
820 999 995 1039 foeminas
1004 1000 1044 1035 in
1052 995 1194 1050 templo
1201 996 1266 1032 viri
1275 1023 1286 1040 ‚
1298 989 1496 1044 multoque
1504 1001 1594 1028 cum
1600 986 1668 1025 risu
1677 986 1774 1025 vltro
1782 984 1913 1040 citroq5

185 1070 271 1109 sales
280 1073 318 1106 &
326 1066 423 1106 dicta
435 1066 628 1103 iaciuntur.
688 1056 851 1098 Modico
859 1054 880 1094 a
893 1053 1034 1109 Mysaeo
1042 1051 1236 1092 interuallo
1252 1048 1360 1103 surgit
1374 1046 1565 1098 AEsculapij
1583 1043 1767 1097 ternplum
1776 1058 1784 1080 :
1794 1041 1914 1095 Cyros
1932 1039 1942 1047 χ

186 1125 394 1181 appellatur.
404 1127 475 1162 cM
474 1119 545 1157 ulta
554 1118 616 1157 hic
625 1114 879 1155 monstrantur
886 1109 1112 1150 morborum
1120 1105 1295 1147 remedia.
1315 1106 1326 1119 ²
1343 1105 1494 1143 Leniter
1505 1101 1653 1140 fluentis
1661 1112 1765 1153 aqua:
1772 1098 1916 1153 aliquot

183 1183 234 1222 ibi
242 1181 375 1226 fontes,
385 1176 432 1217 ad
442 1188 607 1231 quorum
615 1175 825 1212 maximum
837 1167 896 1208 dei
905 1165 1010 1222 ipsius
1019 1164 1180 1220 politum
1190 1160 1522 1218 lignumFlumina
1529 1160 1621 1197 item
1628 1156 1759 1209 aliquot
1765 1152 1916 1194 descen-

187 1238 281 1278 dunt
289 1236 308 1275 ἐ
318 1232 509 1274 montibus
518 1235 583 1286 qui
591 1230 694 1284 supra
702 1227 879 1267 Pellenen
888 1223 977 1262 sunt.
989 1235 1122 1262 eorum
1130 1234 1225 1260 vnus
1245 1220 1253 1240 ⁵
1267 1216 1314 1257 ad
1323 1217 1464 1271 AEgiras
1472 1213 1639 1255 defluens
1648 1243 1658 1261 ,
1668 1212 1778 1252 Crius
1791 1211 1915 1266 appel-

181 1296 283 1334 latur:
297 1291 318 1331 a
326 1292 419 1331 Crio
426 1289 564 1328 Titane
577 1298 722 1325 nomen
729 1282 892 1323 inditum
900 1292 1039 1335 putant.
1049 1279 1099 1317 At
1108 1276 1212 1316 Alsus
1220 1277 1448 1319 nominatur,
1464 1275 1530 1327 qui
1537 1270 1557 1310 ἑ
1567 1269 1692 1324 Sipylo
1701 1266 1912 1314 descedens,

181 1355 219 1389 in
230 1351 419 1390 Hermum
427 1344 652 1398 influit.Q
663 1340 754 1381 vero
763 1352 864 1395 parte
871 1336 1019 1376 finitimi
1028 1334 1107 1373 sunt
1116 1334 1293 1387 Sicyoniis
1303 1327 1530 1371 Pellenenses
1540 1359 1550 1375 ‚
1561 1328 1680 1366 amnis
1695 1322 1851 1380 quidam
1860 1324 1913 1362 A-
1936 1339 1984 1363 20
2032 1328 2046 1379 ’ζ

181 1407 399 1452 chaicorum
405 1401 611 1459 postremus
620 1404 658 1438 in
667 1399 888 1452 Sicyonium
897 1406 1000 1434 mare
1008 1391 1176 1432 decurrit.

191 1546 1108 1704 s'APAVSANIAE
1201 1545 1815 1658 ARCADI-

382 1713 384 1715 V
576 1702 712 1759 CA,
793 1699 1003 1744 SIVE
1075 1695 1363 1741 LIBER
1441 1693 1511 1737 O-

839 1783 872 1814 -C
911 1783 943 1814 T
980 1782 1014 1812 A
1057 1779 1089 1813 V
1128 1779 1162 1813 V
1202 1778 1238 1811 S.

1721 1843 1860 1868 ,ωίῐιυμ

470 1956 483 1965 ,,
537 1921 574 1961 R
583 1932 605 1959 c
615 1931 641 1957 A
651 1931 676 1957 1>
687 1930 700 1956 1
711 1929 747 1955 Ε
761 1915 904 1970 parte'm'
918 1926 1003 1954 cam
1017 1927 1101 1969 quae
1117 1911 1209 1953 fines
1224 1911 1454 1966 Argiuorum
1473 1907 1656 1960 contingit
1667 1935 1678 1952 ,
1691 1901 1732 1945 T
1809 1900 1913 1952 Jrae&

501 1974 513 1979 ⁷
539 1970 792 2014 Mantinenses
800 1983 937 2012 tenent:
946 1975 986 2010 &
999 1968 1170 2010 Arcadici
1178 1966 1334 2024 quidem
1342 1967 1505 2005 nominis
1514 1963 1641 2017 populi
1649 1957 1752 2000 omfi'
1791 1955 1912 1997 r'n'edi-

480 2034 484 2041 ’
538 2042 749 2071 terraneum
758 2026 1002 2082 Peloponnesi
1010 2040 1141 2081 agrum
1154 2026 1292 2066 colunt.
1303 2021 1488 2071 Corinthi]
1498 2023 1600 2059 enim
1609 2020 1717 2073 primi
1726 2011 1913 2055 Isthmuffl

499 2094 501 2097 ’
540 2087 720 2128 obtinent.
731 2085 800 2124 His
808 2087 973 2139 contigui
983 2082 1181 2137 Epidaurij‚
1190 2095 1264 2136 qua
1273 2092 1373 2135 parte
1382 2076 1429 2117 ad
1441 2082 1600 2130 AEgaeum
1609 2088 1711 2113 mare
1719 2086 1785 2112 ora
1792 2070 1844 2111 est
1851 2070 1915 2110 ἐκέ
2036 2071 2047 2123 ’,Ἰ

541 2143 665 2199 polita.
684 2143 700 2164 ⁴
718 2139 870 2181 Medius
878 2143 972 2180 inter
979 2137 1206 2195 Epidaurum
1215 2168 1225 2186 ,
1233 2137 1464 2177 Troezenem
1477 2137 1516 2172 δέ
1533 2133 1773 2172 Hermionen
1790 2128 1913 2183 Argo»
2020 2124 2047 2178 ⁵3

498 2246 501 2249 v
541 2202 630 2240 licus
640 2198 746 2247 finus,
754 2201 857 2239 cuius
865 2197 999 2237 accolae
1009 2197 1238 2251 Argiuorum
1253 2196 1345 2233 mari
1353 2193 1494 2246 quique
1502 2189 1673 2244 proximi.
1683 2183 1839 2225 Adiacet
1845 2187 1915 2224 cir·
1938 2187 1981 2226 30
2022 2179 2047 2237 ἐξ

220 2271 231 2272 ”
240 2272 250 2277 “
274 2272 279 2305 ζ
290 2271 299 2274 ··
404 2279 408 2281 >
542 2270 769 2312 cunquaque
784 2253 1161 2295 Lacedaemoniorum
1169 2249 1384 2292 ciuitates.H
1388 2251 1414 2286 is
1422 2246 1579 2286 finitima
1589 2240 1859 2296 Messeniaque
1865 2237 1914 2280 ad
2026 2251 2027 2254 ’

184 2329 288 2357 mare
296 2315 483 2357 descendit
497 2314 715 2354 Methonen
729 2311 854 2367 vsquc,
863 2311 980 2365 Pylon
989 2341 999 2359 ,
1007 2314 1046 2348 &
1055 2306 1285 2364 Cypariffias.
1298 2304 1361 2345 Ad
1369 2303 1572 2344 Lechaeum
1586 2302 1698 2341 vicini
1707 2296 1912 2338 Corinthiis

185 2375 357 2428 Sicyonij‚
368 2371 544 2427 postremi
551 2370 591 2409 hi
599 2370 864 2425 Argolicorum
870 2367 942 2407 hac
948 2371 987 2406 in
995 2379 1096 2421 parte
1104 2365 1248 2404 finium.
1259 2364 1460 2417 Sicyonem
1469 2361 1656 2413 excipiunt
1663 2352 1791 2395 Achaei
1797 2354 1912 2393 litoris

183 2430 331 2470 accolae.
343 2427 405 2468 Ad
413 2429 569 2468 alterum
577 2423 824 2480 Peloponnesi
832 2425 935 2472 latus,
943 2421 1049 2479 quod
1057 2419 1306 2462 Echinadibus
1314 2417 1435 2458 insulis
1443 2431 1489 2457 ex
1498 2412 1650 2455 aduerso
1657 2410 1710 2452 est
1717 2442 1727 2459 ‚
1745 2409 1911 2450 habitant
1935 2402 1937 2409 ⁴

182 2487 270 2526 Elei.
283 2486 360 2525 Elei
369 2488 445 2540 agri
451 2483 543 2524 fines
552 2477 1052 2536 cum-Messeniaiunguntur,
1061 2493 1135 2534 qua
1142 2490 1242 2533 parte
1251 2477 1431 2530 Olympia
1438 2473 1490 2513 est
1497 2504 1508 2521 ‚
1516 2476 1555 2511 δέ
1564 2469 1697 2525 Alphei
1712 2467 1866 2507 ostium:
1877 2479 1913 2506 at
1940 2462 1958 2481 '³'

183 2546 278 2582 inter
288 2542 418 2581 Eleam
426 2550 562 2582 terram
569 2542 609 2578 δε
617 2538 811 2586 Achaiam,
820 2536 934 2587 medij
943 2536 1093 2590 Dymaei
1101 2535 1190 2574 sunt.
1203 2534 1392 2573 Pertinent
1403 2530 1529 2585 populi
1537 2539 1631 2583 quos
1640 2527 1857 2565 enumeraui
1864 2521 1913 2563 ad
2024 2552 2030 2578 ,γ
2045 2535 2047 2541 ’

184 2611 288 2639 mare
295 2598 635 2642 omneanteriores
644 2592 807 2634 Arcades
816 2593 836 2633 a
844 2596 938 2633 mari
945 2591 1198 2646 vndectmque
1207 2588 1338 2630 secluli.
1349 2601 1462 2644 quare
1471 2585 1662 2625 Homerus
1670 2579 1856 2636 profestos
1863 2575 1912 2619 ad
2031 2570 2036 2582 ‘

183 2656 343 2695 Troiam
352 2654 457 2702 dicit,
469 2667 550 2694 non
557 2652 632 2702 suis]
643 2651 805 2707 ipsorum
813 2682 824 2700 ,
834 2648 894 2690 sed
902 2652 1058 2704 acceptis
1074 2647 1120 2688 ab
1129 2649 1163 2686 A
1191 2658 1421 2687 amemnone
1437 2641 1603 2682 nauibus.
1678 2638 1736 2677 Ac
1743 2639 1910 2692 primum

184 2711 340 2770 quidem
349 2713 524 2750 omnium
533 2708 724 2765 Pelasgum
732 2719 947 2748 memorant
957 2705 1119 2745 Arcades
1126 2663 1245 2743 inliac
1256 2716 1350 2742 terra
1359 2695 1526 2746 extitiss'e:
1544 2694 1607 2736 sed
1616 2692 1912 2735 consentaneum

185 2767 284 2808 certe
293 2767 345 2807 est
359 2782 439 2807 non
447 2767 567 2807 solum
574 2766 679 2806 illum
690 2796 700 2813 ‚
709 2763 770 2805 sed
778 2765 866 2805 alios
874 2767 986 2804 etiam
1000 2766 1036 2801 in
1043 2761 1156 2815 iisdem
1165 2762 1242 2800 locis
1255 2758 1328 2798 vna
1335 2770 1425 2798 cum
1439 2770 1485 2795 eo
1494 2751 1606 2794 fuiffe.
1621 2749 1854 2805 namquibus
1868 2764 1911 2789 ο·-
1933 2759 1984 2796 40

184 2826 320 2864 mnino
328 2821 533 2878 imperasset
539 2821 771 2862 hominibus?
780 2820 1018 2862 Crediderim
1025 2833 1096 2875 ego
1106 2816 1297 2872 Pelasgum
1303 2808 1768 2869 magnitudine‚robore,ac
1775 2805 1909 2853 formm

185 2884 278 2936 quin
286 2885 325 2920 δέ
333 2883 448 2920 animi
456 2878 760 2931 dotibus‚ceteros
769 2873 1118 2933 superasseaeamque
1126 2874 1177 2914 ob
1185 2887 1265 2913 rem
1275 2875 1308 2912 ei
1315 2870 1336 2910 εὶ
1344 2870 1410 2909 suis
1418 2880 1577 2923 regnum
1584 2861 1908 2906 decretumzcuius-

184 2936 294 2988 modi
302 2941 335 2977 ei
342 2937 599 2977 testimonium
606 2935 672 2975 suis
679 2933 840 2975 verfibus
849 2933 953 2972 Afius
963 2936 1075 2974 etiam
1087 2930 1200 2971 dedit:

407 2990 581 3033 Montibus
589 2992 754 3031 alticomis
756 2993 886 3046 peperit
892 2993 989 3045 nigra
996 3000 1088 3028 terra
1095 2986 1267 3043 Pehssu'm'

409 3053 473 3089 Dis
469 3048 630 3102 fimilem,
645 3048 690 3094 ὠ
693 3050 809 3103 generi
814 3045 936 3086 tribuit
943 3060 1029 3085 noua
1036 3041 1275 3102 regnafaturo.

184 3109 348 3164 Pelasgus
357 3111 465 3162 igitur
473 3105 561 3146 cum
570 3119 722 3161 regnare
731 3101 1071 3160 coepiffet‚primum
1079 3099 1235 3158 quidem
1249 3098 1357 3140 rudes
1364 3097 1538 3138 homines
1556 3093 1684 3135 docuit
1691 3094 1834 3147 tuguria
1841 3120 1851 3138 ‚
1863 3085 1910 3130 ad

184 3165 394 3220 frigoris‚im
399 3164 575 3210 brium,&
585 3161 687 3201 aestus
695 3158 944 3200 incommoda
952 3153 1123 3207 arcenda,
1131 3169 1133 3171 ’
1140 3153 1330 3201 adificare.
1339 3154 1447 3195 Idem
1454 3156 1595 3193 tunicas
1603 3149 1723 3191 facere
1731 3146 1882 3186 instituit
1889 3144 1911 3187 ὲ

183 3220 286 3259 suillis
295 3223 410 3261 coriis;
422 3219 589 3274 qualibus
598 3218 653 3258 his
661 3217 741 3273 ipfis
756 3216 985 3271 temporibus
997 3220 1035 3255 in
1043 3214 1187 3255 Euboea
1195 3218 1232 3253 &
1242 3210 1410 3252 Phocide
1418 3212 1602 3253 tenuiores
1611 3205 1784 3245 homines
1799 3215 1910 3242 vtun-

184 3289 250 3313 tur.
257 3276 316 3315 Ad
325 3276 396 3328 hec
404 3276 493 3315 cum
502 3274 615 3330 vulgo
625 3278 766 3314 virente
773 3272 896 3313 adhuc
905 3270 1253 3326 fronde,herbisque
1260 3284 1303 3309 ac
1310 3265 1491 3307 radicibus
1499 3276 1580 3304 non
1587 3260 1708 3302 modo
1720 3272 1800 3300 non
1807 3257 1909 3298 ciba-

95 3344 163 3381 237
184 3334 254 3379 riiS,
263 3331 321 3371 sed
333 3333 539 3387 plerunque
546 3329 756 3386 perniciosis
762 3332 932 3370 incautius
940 3328 1183 3376 vescerentur,
1195 3327 1203 3349 ⁵
1220 3325 1430 3365 salubriores
1439 3321 1560 3361 multo
1566 3315 1718 3374 glandes
1727 3312 1806 3357 esse5
1816 3326 1902 3366 neqi
1928 3311 1947 3348 5
1948 3312 1972 3336 0

1756 3381 1900 3415 omnes,

2027 2241 2045 2271 ι*
