2047 3665
204 196 283 233 274
600 175 967 217 PAVSANIAE
1030 173 1366 221 PHOCICA,
1430 171 1575 215 SIVE

203 272 331 300 torum
339 255 647 309 habetimagines:
658 266 787 309 quarta
800 253 884 294 sane
892 253 1076 294 Mineruae
1087 264 1241 292 vocatur
1250 250 1462 291 Pronoeae.E
1470 251 1576 307 lignis
1619 250 1695 303 noi.
1706 282 1710 286 .
1732 251 1750 282 Γ
1768 256 1799 289 fr,
1813 255 1935 293 trimo
2032 206 2047 294 l

206 329 280 354 tem
286 315 332 367 pli
341 312 444 353 aditu
451 344 460 360 ‚
471 311 655 366 quodque
662 314 780 351 maius
788 310 840 351 est
848 309 964 365 quam
972 309 1011 349 id
1018 307 1125 365 quod
1134 311 1230 347 intus
1238 306 1301 355 est,
1307 306 1586 348 Maffilienfium
1621 309 1740 347 onum
1750 302 1829 347 fuit.
1841 305 1943 347 Sunt
2029 330 2043 363 χ

205 372 243 410 hi
252 368 524 410 Phocaensium
535 375 629 422 (quae
637 368 750 406 Ioniae
757 381 847 422 gens
855 366 933 414 fuit)
947 367 1108 412 colonia,
1116 376 1250 404 corum
1257 377 1394 417 nempe
1402 362 1606 403 hominurn
1613 367 1773 419 pars‚qui
1782 377 1826 404 ex
1836 362 1935 403 Pho-
2032 392 2043 415 ι,

205 442 280 467 caea
287 428 506 480 Harpagum
515 423 679 464 Medum
686 423 823 479 fugere.
848 423 1059 477 Hinanque
1068 421 1155 461 cum
1165 420 1285 460 nauali
1292 433 1418 474 pugna
1433 419 1749 474 Carthaginienses
1759 418 1934 468 vicissent,
2024 457 2025 462 ,

206 495 387 537 occupata
394 497 438 521 ea
444 494 560 536 quam
568 494 671 520 ntmc
677 480 847 520 incolunt
855 483 1007 534 regione
1013 509 1023 526 ‚
1034 476 1083 517 ad
1090 489 1244 531 magnas
1259 490 1348 530 opes
1357 480 1396 515 δε
1411 476 1640 518 luculentam
1654 475 1846 516 fortunam
1855 475 1936 522 sunt
2024 506 2027 511 .

206 540 382 595 proueffi.
401 539 447 577 Et
461 536 740 577 Maffilienfium
748 535 903 591 quidem
914 546 1062 574 aeneum
1076 533 1128 573 est
1143 533 1308 573 donum.
1320 533 1490 571 Aureum
1505 529 1596 571 vero
1612 529 1757 572 scutum
1770 531 1791 572 a
1803 531 1935 572 Croeso

114 609 183 646 324
205 592 399 650 Lydorum
406 609 492 649 rege
499 592 713 634 dedicatum
721 593 904 632 Mineruae
912 591 1081 630 Pronoeae
1089 620 1099 638 ‚
1108 587 1254 629 aiebant
1263 587 1403 643 Delphi
1411 586 1664 636 Philomelum
1671 586 1936 643 eripuissetAcl-

204 653 376 691 iunstum
384 651 436 692 est
444 652 614 690 Pronoeae
624 650 765 703 templo
773 647 922 701 Phylaci
929 646 1101 686 sacellum
1108 645 1316 684 heroicum.
1328 645 1446 684 Hunc
1453 642 1655 698 Phylacum
1662 647 1757 683 inter
1763 644 1935 700 Delphos

205 709 307 748 fama
314 707 506 763 proditum
519 707 571 746 est
580 738 589 754 ‚
598 707 775 746 auxilium
789 703 869 758 ipfis
882 700 996 742 tuliffe
1004 700 1116 742 Persis
1129 699 1360 740 irruentibus.
1451 700 1545 740 Inea
1551 699 1726 755 gymnafij
1742 713 1843 754 parte
1850 715 1935 756 quae

207 764 342 805 subdio
352 764 420 812 est,
430 763 547 803 feram
561 760 762 816 aliquando
770 760 872 800 suern
886 772 1014 798 natam
1028 757 1194 798 tradunt:
1205 771 1290 797 eam
1303 754 1467 811 Vlyffem
1481 755 1528 796 ad
1544 757 1774 810 Autolycum
1787 757 1935 811 profici-
1955 767 1998 794 ιο

206 821 371 862 scentem
378 853 388 870 ‚
398 820 470 860 vna
485 832 573 859 curn
582 817 688 871 ipsius
700 817 874 870 Autolyci
880 815 960 854 filiis
968 818 1167 854 venatione
1180 812 1412 868 persecutum
1420 830 1429 854 ;
1440 817 1480 852 δε
1489 811 1535 852 ab
1542 826 1586 852 ea
1599 811 1683 852 sane
1690 813 1824 852 vulnus
1831 812 1935 868 supra

205 892 306 934 genu
314 874 498 931 accepisse.
571 872 817 913 Fle&entibus
826 871 873 912 ad
880 873 1013 911 laeuam
1021 870 1041 909 a
1049 869 1240 926 gymnasio
1247 901 1256 917 ‚
1271 884 1314 909 ac
1321 869 1439 909 nihilo
1447 868 1566 909 ferme
1580 868 1727 924 longius
1736 867 1852 925 quam
1865 868 1937 909 sta-

205 934 269 974 dia
283 949 296 973 1
305 949 319 973 1
329 949 342 973 1
359 930 664 973 descendentibus
673 961 683 977 ‚
700 929 834 968 fluuius
849 928 901 968 est
909 927 1037 967 Plistus
1052 931 1219 967 nomine.
1229 930 1257 965 is
1266 925 1312 965 ad
1322 925 1498 966 Cirrham
1511 924 1754 978 Del-phorum
1762 925 1937 966 naualem

206 991 404 1030 stationem
412 1020 422 1037 ,
430 993 470 1027 &
478 990 694 1042 proximum
702 999 805 1025 mare
813 984 952 1025 defluit.
1017 983 1152 1023 Rursus
1160 982 1181 1021 a
1195 981 1386 1037 gymnasio
1400 981 1537 1022 sursum
1549 979 1595 1021 ad
1609 979 1743 1032 fanum
1751 980 1932 1031 tendenti,

206 1046 253 1086 ad
260 1051 326 1086 viae
334 1045 525 1096 dexteram
535 1042 701 1083 Castaliae
709 1057 812 1097 -aqua
819 1040 1041 1095 praeterfluit,
1049 1039 1164 1079 suauis
1171 1039 1231 1078 illa
1239 1038 1395 1093 quidem
1409 1051 1510 1093 potu.
1521 1037 1631 1077 Fonti
1638 1051 1785 1078 nomen
1793 1034 1938 1094 indige·

205 1117 296 1142 nam
308 1100 500 1157 quandam
508 1100 706 1139 mulierem
713 1095 850 1138 dedisse
858 1096 992 1138 ferunt:
1005 1100 1129 1136 virum
1136 1096 1181 1135 ali
1178 1099 1193 1146 j
1206 1095 1419 1134 Castalium.
1425 1093 1603 1150 Panyassis
1611 1108 1735 1134 autern
1744 1093 1937 1149 Polyarchi

204 1159 297 1197 filius
304 1163 343 1197 in
351 1162 390 1196 iis
399 1156 558 1197 verfibus
567 1169 662 1211 quos
670 1159 709 1194 in
717 1154 925 1195 Herculem
935 1153 1022 1194 fecit
1029 1182 1040 1201 ,
1056 1151 1214 1192 Acheloi
1221 1149 1337 1191 filiam
1345 1148 1448 1191 fuisse
1456 1150 1654 1192 Castaliam
1661 1149 1890 1206 perhibet-ste
1896 1165 1936 1191 e-

203 1220 283 1254 nim
292 1214 339 1255 de
350 1213 513 1254 Hercule
520 1213 678 1267 loquens
687 1209 829 1265 scripsit:
1976 1200 1980 1208 ¹

425 1269 572 1322 Parnasst
579 1279 622 1307 vt
629 1269 727 1307 celeri
730 1267 810 1322 pede
805 1266 897 1321 fixa
904 1266 1033 1306 niualia
1040 1264 1157 1320 liquit,

427 1325 576 1376 Castalia
584 1327 696 1380 tetigit
702 1328 793 1380 iuges
799 1323 990 1364 Acheloidas
997 1323 1122 1363 vndas.
1951 1329 2002 1356 20
2044 1326 2047 1333 ¹

203 1384 343 1424 Audiui
352 1387 464 1423 etiam
472 1386 537 1437 qui
545 1381 863 1436 dicerent‚aquam
871 1380 972 1420 illam
981 1379 1151 1420 Castalia:
1167 1377 1274 1420 dono
1282 1379 1407 1420 datam
1415 1378 1436 1418 a
1444 1376 1621 1433 Cephiffo
1635 1392 1759 1419 amne.
1770 1378 1860 1420 Hoc
1869 1378 1936 1419 Al-

204 1456 298 1482 caeus
308 1454 463 1495 quoque
474 1438 632 1478 versibus
642 1436 846 1485 mandauit,
854 1440 893 1475 in
901 1435 1113 1491 prolusione
1130 1435 1295 1490 quadam
1311 1436 1462 1477 suorum
1470 1440 1509 1475 in
1518 1436 1736 1489 Apollinem
1751 1434 1934 1477 versuum:

203 1504 244 1537 δεῖ
251 1496 477 1538 confirmant
492 1494 694 1536 Lilaeenses;
704 1497 769 1549 qui
778 1492 868 1533 cum
876 1497 917 1532 in
926 1491 1089 1547 Cephisii
1098 1491 1247 1532 fontem
1254 1496 1367 1548 patria
1374 1491 1549 1548 quaedam
1558 1492 1715 1541 bellaria,
1725 1497 1764 1532 &
1776 1493 1845 1532 alia
1851 1506 1937 1547 quae

203 1555 284 1594 sunt
291 1568 398 1593 more
406 1556 593 1592 maiorum
602 1550 841 1598 tradita,statis
850 1548 1071 1604 quibusdam
1078 1548 1207 1588 diebus
1215 1550 1396 1605 quotannis
1405 1547 1753 1604 porriciant,eadem
1759 1552 1799 1587 in
1808 1548 1936 1590 Casta·

202 1613 250 1651 lia
258 1609 374 1650 rursus
383 1611 610 1663 emergentia
628 1606 790 1661 conspici
802 1605 942 1646 dicunt.
1018 1605 1114 1644 Vrbs
1122 1605 1194 1659 ipsa
1201 1605 1360 1662 Delphis
1372 1610 1501 1661 quauis
1509 1619 1555 1646 ex
1563 1619 1664 1660 parte
1675 1609 1714 1644 in
1722 1605 1865 1645 cliuum
1879 1619 1937 1652 re-

202 1668 396 1722 supinatur.
406 1667 451 1704 Et
459 1663 598 1705 eodem
607 1663 689 1703 sane
697 1663 749 1702 est
757 1678 835 1717 quo
845 1660 1026 1717 oppidum
1036 1661 1113 1709 suu,
1126 1661 1268 1702 sacrum
1277 1663 1457 1717 Apollinis
1466 1660 1618 1716 septum:
1635 1660 1746 1716 spatio
1754 1659 1843 1701 illud
1852 1665 1937 1716 qui-

203 1724 294 1764 dem
303 1722 536 1777 peramplum
544 1724 583 1759 in
591 1719 759 1774 suprema
766 1718 863 1758 vrbis
871 1732 972 1772 parte
984 1721 1135 1758 eminet:
1146 1717 1316 1760 scindunt
1325 1719 1358 1758 se
1366 1719 1468 1758 illinc
1475 1716 1649 1757 multifidi
1656 1721 1782 1757 exitus.
1797 1717 1850 1757 Ea
1856 1732 1937 1758 oer-

203 1781 239 1820 te
250 1779 402 1820 donaria
410 1792 492 1832 quae
500 1790 603 1816 mem
608 1779 686 1816 oria
696 1779 735 1813 in
744 1778 869 1829 primis
877 1773 990 1829 digna
997 1773 1069 1813 visa
1077 1773 1169 1812 mihi
1177 1775 1338 1824 fuerunt,
1347 1775 1644 1830 persequar.nam
1655 1773 1817 1822 athletas,
1823 1777 1865 1813 ἅτ
1871 1789 1936 1815 eos

205 1841 270 1892 qui
279 1833 318 1875 in
326 1832 479 1874 musices
489 1846 678 1872 certamen
685 1829 967 1878 descenderunt,
982 1830 990 1844 ¹
1013 1829 1218 1870 ordinarios
1226 1833 1364 1886 alioqui
1374 1831 1562 1877 homines,
1570 1829 1669 1869 nulla
1676 1834 1873 1871 mentione
1879 1829 1937 1871 di-

203 1893 360 1948 gnabor.
371 1891 474 1930 Nam
483 1888 676 1928 illustribus
684 1891 946 1942 viris‚quorum
954 1890 993 1925 in
1001 1890 1154 1926 maxima
1162 1885 1231 1927 fuit
1239 1888 1447 1928 celebritate
1461 1900 1607 1926 nornen
1615 1917 1625 1934 ‚
1633 1890 1721 1925 iniis
1728 1900 1824 1941 quos
1832 1886 1881 1927 de
1887 1887 1936 1927 E-
1955 1900 1998 1938 30

204 1952 267 1989 leis
278 1944 554 2000 conscripsimus
564 1946 842 1984 commentariis
853 1974 862 1991 ‚
871 1943 1000 1982 locum
1010 1942 1115 1982 suum
1123 1941 1306 1984 dedimus.
1317 1951 1357 1984 In
1364 1958 1440 1983 eum
1447 1954 1563 1983 tamen
1570 1956 1754 1982 numerum
1761 1956 1830 1983 non
1837 1948 1939 1984 venit

205 2002 372 2055 Phayllus
382 2003 616 2048 Crotoniata,
627 1999 721 2055 qubd
725 2000 827 2039 nulla
834 2002 864 2038 ei
878 2002 1033 2054 contigit
1041 2000 1244 2054 OlympIca
1251 2001 1389 2054 palma:
1400 1999 1557 2054 Pythicis
1564 1998 1655 2040 vero
1663 1998 1756 2039 ludis
1764 1998 1812 2040 de
1825 2004 1938 2056 quin-

203 2064 348 2117 quertio
358 2058 460 2106 duas,
472 2056 519 2097 de
527 2056 642 2097 stadio
651 2060 797 2096 tertiam
805 2057 895 2095 tulit.
905 2055 1010 2095 Idem
1019 2057 1141 2096 nauali
1151 2057 1266 2111 prelio
1273 2071 1362 2096 cum
1371 2055 1484 2096 Perfis
1497 2055 1677 2104 conflixit,
1696 2054 1784 2096 cum
1793 2060 1937 2112 propri-

205 2133 266 2158 am
277 2117 340 2157 fibi
349 2129 486 2156 nauem
499 2111 716 2161 aedificasset‚
726 2117 765 2152 &
773 2115 811 2151 in
821 2126 906 2152 earn
915 2112 1153 2155 Crotoniatas
1163 2126 1308 2162 omnes,
1319 2116 1384 2168 qui
1386 2112 1685 2166 fhrtbinssraecia
1692 2124 1769 2152 tunc
1777 2116 1938 2169 peregri-

203 2167 634 2226 naba11tur,imp0fi1iffet.
644 2171 685 2209 Ei
694 2169 850 2224 Delphis
862 2168 976 2208 statua
983 2168 1098 2222 posita
1104 2167 1182 2208 fuit.
1191 2168 1286 2209 Haec
1293 2183 1376 2225 quae
1383 2168 1431 2209 de
1439 2170 1660 2209 Crotoniata
1670 2167 1828 2210 homine
1835 2169 1937 2211 dice·

201 2246 282 2271 rem
290 2230 413 2269 habui.
499 2228 651 2267 Sacram
666 2224 827 2281 ingressis
843 2239 967 2266 aream
974 2238 1096 2265 taurus
1105 2238 1150 2265 ex
1164 2238 1234 2266 aete
1242 2237 1315 2281 prae
1328 2226 1444 2267 oculis
1452 2224 1801 2281 est,TheopropiAE
1828 2229 1936 2269 inetae

201 2302 293 2342 opus
302 2319 311 2335 ‚
326 2287 613 2339 Corcyraeorum
622 2282 780 2323 donum.
790 2281 987 2322 Proditurn
995 2282 1188 2322 memoriae
1195 2281 1248 2322 est
1256 2314 1266 2330 ‚
1277 2282 1451 2337 Corcyrae
1459 2281 1661 2337 aliquando
1669 2280 1744 2322 aliis
1751 2279 1803 2331 bo
1819 2296 1871 2334 *us
1878 2275 1936 2324 re-

207 2346 462 2391 li&i3,taurum
471 2341 491 2380 ἐ
500 2339 600 2394 pastu
611 2339 825 2387 abeuntem,
834 2349 964 2379 contra
972 2340 1120 2393 pelagus
1128 2342 1290 2394 mugitus
1298 2336 1459 2379 edidisse:
1472 2339 1483 2354 ²
1491 2337 1669 2393 cumque
1675 2337 1779 2379 idem
1788 2336 1937 2394 singulis

205 2400 334 2440 diebus
343 2397 700 2444 taceret‚bubulcum
708 2395 754 2435 ad
762 2406 865 2435 mare
873 2393 1105 2437 descendisse:
1115 2392 1339 2450 conspexisse
1349 2394 1438 2435 vero
1447 2393 1634 2434 infinitum
1642 2394 1759 2450 prope
1766 2394 1941 2436 dumne--

204 2471 245 2496 ru
250 2471 289 2494 m
297 2467 510 2495 numerum.
523 2451 629 2508 quod
637 2452 725 2492 cum
733 2450 922 2491 indicasset
931 2450 1135 2506 Corcyraeis
1144 2483 1155 2500 ‚
1163 2452 1213 2492 illi
1223 2450 1348 2507 (quod
1356 2448 1494 2491 thimos
1502 2464 1635 2506 capere
1641 2455 1935 2506 conati,operam
1953 2466 2007 2505 40

201 2512 375 2558 luserant)
386 2509 602 2551 sciscitatum
608 2508 781 2562 Delphos
789 2507 928 2548 misere.
943 2514 998 2546 Ex
1005 2508 1165 2563 Apoffinis
1171 2509 1254 2547 verb
1262 2505 1403 2563 responsb
1411 2521 1559 2548 taurum
1566 2507 1748 2562 Neptuno
1757 2509 1934 2558 maetam,

203 2566 461 2622 consedioslue
469 2581 561 2605 mox
580 2564 678 2605 sacro
687 2565 797 2619 pisces
807 2568 966 2619 capiunt.
983 2565 1148 2604 Donum
1161 2565 1182 2604 ὲ
1191 2564 1337 2605 decima
1348 2563 1481 2619 'praedae
1493 2568 1533 2603 in
1549 2564 1770 2618 Olympiam
1784 2568 1821 2604 &
1839 2565 1936 2612 Del-

201 2626 295 2680 phos
306 2628 469 2664 mittunt.
491 2621 658 2663 Subinde
666 2621 746 2661 sunt
760 2621 1010 2676 Tegeatarum
1018 2620 1067 2661 de
1074 2620 1645 2667 Lacedaemoniorummanubiis
1653 2619 1754 2661 dona
1761 2652 1772 2670 ,
1783 2622 1933 2676 Apollo,

202 2688 242 2722 &
251 2683 416 2721 ViCtoria
424 2712 434 2728 ‚
443 2684 482 2719 δεῖ
491 2677 675 2734 indigenae
682 2678 814 2718 heroes
822 2710 833 2726 ,
841 2677 996 2719 Callisto
1005 2678 1188 2733 Lycaonis
1202 2677 1290 2720 'filim
1301 2678 1415 2718 Arcas
1428 2708 1438 2726 ‚
1447 2676 1467 2716 a
1476 2692 1554 2733 quo
1562 2681 1706 2732 regioni
1721 2691 1881 2721 nomem
1892 2683 1934 2719 δε

201 2736 356 2778 Arcadis
371 2736 431 2787 filij
447 2737 590 2783 Elatus,
605 2734 788 2790 Aphidas,
802 2739 842 2774 &
857 2735 981 2774 Azan:
998 2733 1164 2789 cumqtie
1177 2734 1232 2774 his
1247 2734 1460 2788 Triphylus;
1478 2738 1579 2785 cuius
1593 2748 1712 2774 mater
1726 2748 1806 2774 non
1819 2732 1933 2775 Erato

202 2795 271 2834 fuit
279 2826 288 2842 ,
303 2792 364 2833 sed
379 2792 594 2832 Laodamea
608 2792 776 2846 Amyclae
793 2791 1171 2831 Lacedaemoniorum
1188 2794 1280 2846 regis
1293 2790 1384 2830 filia.
1401 2789 1636 2830 Dedicarunt
1654 2794 1768 2830 ctiam
1780 2790 1932 2832 Erasum

201 2850 378 2905 Triphyli.
387 2847 518 2889 filium.
534 2849 754 2902 Apollinem
768 2852 808 2887 &
823 2846 978 2888 Callisto
987 2878 997 2895 ,
1007 2846 1196 2888 Pausanias
1213 2849 1244 2886 A
1250 2848 1467 2901 polloniata:
1483 2846 1688 2887 Vibioriam
1697 2877 1707 2895 ,
1723 2851 1764 2886 &
1778 2846 1932 2887 Arcadis

201 2905 366 2962 effigiem
376 2937 386 2954 ,
397 2904 575 2945 D'aedalus
584 2907 775 2958 Sicyonius
785 2921 792 2942 ε
808 2904 1031 2959 Triphylum
1046 2909 1083 2943 &
1093 2905 1222 2944 Azana
1230 2935 1241 2952 ,
1249 2904 1417 2944 Samolas
1426 2904 1539 2943 Arcas
1549 2918 1556 2941 :
1567 2902 1726 2950 Elatum,
1737 2902 1933 2957 Aphidan-

202 2977 279 3004 tem
288 2995 298 3011 ‚
308 2961 520 3014 &Erasum,
536 2960 766 3015 Antiphanes
785 2961 943 3015 Argiuus
951 2960 1056 3001 fecit.
1066 2960 1160 3000 Haec
1173 2959 1347 3016 Tegeatae
1354 2959 1453 3014 figna
1467 2958 1640 3013 Delphos
1657 2959 1805 3008 misere,
1815 2960 1933 2999 Lace-

201 3020 396 3060 daemoniis
412 3018 510 3058 bello
518 3020 630 3071 captis
639 3048 649 3065 ‚
658 3019 723 3071 qui
737 3016 914 3056 hostiliter
927 3025 1061 3069 eorum
1068 3015 1159 3058 fines
1173 3015 1388 3056 inuaserant.
1473 3014 1640 3055 Sunthis
1652 3015 1835 3070 &regione
1848 3029 1932 3071 quae
1951 3032 1994 3068 50

203 3075 480 3125 Lacedaemoni]
497 3072 782 3113 Atheniensibus
797 3071 966 3126 superatis
980 3071 1198 3115 dedicarunt
1205 3105 1215 3121 ,
1228 3071 1405 3113 vCastores
1412 3099 1423 3119 ,
1437 3071 1589 3126 Iupiter,
1609 3071 1748 3125 Apollo
1757 3102 1767 3119 ,
1785 3073 1911 3112 Diana
1917 3089 1927 3114 ;

126 3145 182 3181 325
204 3132 369 3187 etimt'ffue
377 3131 431 3170 his
440 3131 640 3184 Neptunus
649 3161 659 3177 ,
668 3134 705 3168 &
717 3128 920 3168 Aristocriti
928 3127 1021 3168 filius
1037 3126 1265 3182 Lysander,a
1273 3129 1455 3183 Neptuno
1469 3140 1656 3168 coronam
1669 3131 1866 3182 accipiens:
1879 3127 1932 3166 A-

202 3188 263 3227 bas
271 3188 460 3243 praeterea,
472 3202 551 3242 quo
565 3199 648 3226 vate
662 3185 741 3225 vsus
750 3185 801 3225 est
820 3184 1020 3240 Lysander:
1040 3186 1153 3240 &qui
1167 3185 1237 3224 fuit
1250 3188 1426 3239 praetoriae
1438 3188 1542 3223 nauis
1556 3183 1783 3238 gubernator
1796 3183 1932 3237 Lysan-

202 3243 270 3283 dro
277 3274 290 3290 ,
301 3245 489 3284 Hermon.
497 3243 612 3282 Hunc
627 3237 1134 3283 HermonemTheocosmus
1142 3239 1369 3296 Megarenfis
1377 3239 1482 3284 finxit
1492 3271 1502 3288 ,
1510 3239 1598 3280 cum
1606 3237 1724 3283 fuisset
1730 3240 1789 3279 ille
1797 3242 1835 3278 in
1843 3239 1932 3280 Me-

200 3300 408 3353 garenfium
420 3297 824 3352 ciuitatemadscriptus.
841 3297 1013 3341 Castores
1020 3297 1243 3352 Antiphanis
1259 3292 1386 3352 Argiui
1395 3308 1488 3353 opus
1495 3296 1607 3336 fuere.
1624 3295 1760 3350 Vatem
1774 3295 1930 3390 fecit1l³i-

1874 3363 1926 3391 on
