2047 3665
46 722 90 749 10

604 130 867 173 LIBER
923 133 1384 178 seprins.
1778 145 1837 193 185

113 201 379 260 adorti,praedae
387 204 575 260 superioris
584 207 757 262 reliquiis,
767 208 791 247 fi
799 223 882 264 quae
890 207 987 248 forte
994 208 1212 263 supererant,
1222 211 1415 266 asportatis,
1418 213 1626 268 praesidium
1634 215 1835 258 deducunt.

114 260 260 300 Achaeis
268 293 279 309 ,
289 260 378 301 cum
386 260 491 300 serius
500 261 616 316 quam
623 277 836 318 oportuerat
843 266 1021 305 auxilium
1028 265 1202 306 misissent
1210 299 1219 315 ‚
1229 269 1445 321 persuadent
1459 272 1691 313 Menaicidas
1701 279 1740 313 &
1749 275 1839 314 Cal—

112 317 253 357 licrates
261 348 272 364 ,
281 330 320 356 vt
331 317 495 356 Atticam
504 331 638 358 terram
645 319 823 361 hostiliter
829 320 1139 361 inuadanVerum
1156 324 1163 338 ¹
1177 322 1267 363 etim
1278 329 1312 364 <Sc
1325 340 1371 365 ex
1378 328 1452 366 aliis
1462 329 1615 369 Graeciae
1623 330 1839 384 partibus,&

112 373 134 413 ὁ
143 372 417 413 Lacedaemone
425 371 473 413 ad
479 372 628 414 hostem
636 376 892 431 repellendum
899 379 1030 417 auxilia
1037 377 1509 428 conuenissent,exercitum
1519 385 1646 425 Achaei
1654 385 1759 425 suum
1767 386 1838 428 do-

113 436 222 470 mum
230 441 470 483 reportarunt.
481 430 542 470 Ab
551 433 704 487 Oropiis
711 433 822 481 certe,
831 433 893 474 etfi
901 435 1002 474 nulla
1013 449 1060 474 ex
1067 449 1168 489 parte
1176 434 1223 476 ad
1230 450 1362 476 eorum
1372 437 1523 479 salutem
1532 445 1736 497 quicquam
1752 458 1838 498 pro-

111 485 247 526 fecerat
256 483 484 526 Achaeorum
492 486 652 537 societas,
655 488 874 543 promiss'um
881 503 1009 530 tamen
1016 491 1250 532 Menalcidas
1256 498 1423 547 precium
1432 502 1560 552 exegit.
1566 499 1658 593 Qgp
1667 500 1725 539 ille
1733 515 1839 540 acce-

110 542 356 597 pto‚alienum
367 547 528 584 omnino
536 545 737 585 rationibus
746 546 812 585 suis
820 551 972 601 putauit,
980 547 1137 602 quaestus
1143 553 1361 604 participem
1372 551 1607 593 Callicratem
1631 570 1840 611 acerequa—

111 612 151 638 re
157 597 358 638 hominem
365 599 531 653 primum
538 602 853 655 experitationibus
867 602 1016 644 eludere
1023 635 1034 652 ,
1041 617 1134 644 mox
1141 604 1232 646 dolo
1244 610 1525 652 circumuenire
1533 609 1724 665 postremo
1737 627 1840 668 aper-2

113 654 149 695 tc*
156 658 270 695 etiam
277 653 455 696 fraudare.
479 657 490 672 ²
506 658 606 713 Qae
613 671 668 698 res
679 672 781 698 vetus
789 658 878 699 illud
886 673 1020 701 verum
1027 659 1097 702 esse
1103 660 1312 703 declarauit:

338 718 383 751 Et
389 713 476 768 ignis
483 712 528 765 est
533 710 598 753 atio
604 714 711 769 magt}
717 717 778 768 qui
785 727 868 754 vrat
875 720 963 772 igne,

336 769 582 826 Lupisqgfieuior
588 770 682 824 lupus
689 774 739 810 essi
747 771 834 820 aliis,

335 830 533 881 tAcce'piter
539 830 626 867 ocius
633 830 789 884 accipitre
796 829 906 878 volat,
1074 878 1078 883 ,

333 886 372 921 si
380 884 589 924 Callicratem
595 886 702 939 ipsum
708 888 948 926 immaniorem
955 896 1036 928 ante
1042 886 1125 931 alios

334 945 509 996 Superauit
512 940 653 996 perfidia
662 942 909 987 tmenalcidas.

58 993 63 995 ’
107 998 288 1038 Hominem
295 1000 385 1036 enim
393 1000 545 1037 omnium
551 999 783 1053 nequisstmum
793 1000 1005 1040 Callicratem
1012 1033 1023 1050 ,
1027 1002 1278 1057 perfidiafhcilb
1285 1004 1517 1063 quistcperaret
1525 1039 1535 1057 ,
1547 1002 1784 1051 menalcidas
1791 1012 1841 1051 eff

38 1288 86 1315 20

41 1856 83 1894 30

32 2422 85 2458 40

35 2988 78 3025 50

107 1055 226 1092 inuem
231 1070 278 1093 us.
290 1054 568 1103 Callicrates‚vti
575 1054 696 1096 homo
705 1070 792 1106 erat,
801 1055 889 1097 cum
897 1062 1005 1113 gratis
1013 1059 1150 1101 habere
1157 1062 1191 1102 se
1199 1062 1372 1118 susceptas
1380 1079 1470 1105 cum
1478 1066 1763 1108 Atheniensibus
1771 1071 1841 1107 ini-

107 1113 263 1150 micitias
273 1111 492 1166 permoleste
500 1111 610 1152 ferret
617 1143 627 1160 ,
637 1112 880 1154 Menalcidan
888 1118 964 1154 iam
973 1114 1175 1157 abeuntem
1189 1120 1401 1175 magistratu
1408 1152 1418 1170 ,
1429 1125 1552 1176 capitis
1567 1123 1666 1178 apud
1681 1125 1841 1164 Achaeos

109 1167 305 1207 arcessiuit:
316 1171 463 1207 crimini
477 1167 588 1208 dabat
595 1200 605 1217 ,
613 1169 799 1224 legatione
806 1170 907 1225 apud
915 1172 1113 1213 Romanos
1122 1189 1252 1215 contra
1261 1177 1420 1217 Achaeos
1434 1178 1607 1218 funerum
1617 1212 1626 1228 ,
1635 1196 1678 1220 ac
1686 1196 1842 1235 operam

106 1223 215 1262 enixe
223 1221 412 1272 dedissem
420 1226 617 1280 Spartanos
625 1225 672 1265 ab
681 1226 826 1266 Achaeis
832 1225 1098 1268 abduceret.Ibi
1107 1230 1337 1273 Menalcidas
1345 1233 1435 1274 clim
1444 1235 1477 1275 se
1483 1239 1523 1274 in
1529 1235 1764 1277 forttmarum
1774 1237 1844 1278 dis-

110 1283 254 1320 crimen
270 1279 475 1320 deductum
488 1280 629 1322 videret
637 1313 647 1330 ‚
662 1283 774 1323 Diaeo
782 1283 930 1324 homini
939 1285 1262 1342 Megalopolitano
1277 1289 1466 1331 successori
1475 1291 1537 1331 suo
1547 1307 1592 1331 ex
1601 1295 1769 1348 Oropica
1783 1296 1843 1335 illa

107 1341 265 1432 fficunia
273 1338 408 1377 talenta
415 1338 585 1394 elargitur
592 1338 747 1379 tria.hoc
753 1341 814 1380 ille
821 1338 1015 1381 deuinstus
1023 1357 1181 1384 munere
1187 1346 1405 1386 inuitisfimis
1413 1348 1491 1387 fere
1499 1348 1644 1388 Achaeis
1652 1352 1842 1400 omnibus,

158 1392 352 1434 enalcidan
367 1398 490 1449 capitis
502 1396 667 1449 periculo
681 1399 817 1436 eximit.
832 1397 884 1436 Ea
892 1411 947 1437 res
961 1396 1051 1437 cum
1067 1400 1181 1440 Diaeo
1195 1402 1342 1456 publice
1357 1419 1399 1444 ac
1413 1409 1586 1459 priuatim
1599 1419 1742 1461 magno
1757 1406 1843 1448 esset
1861 1432 1867 1439 ·

107 1450 248 1505 probro
256 1482 266 1499 ‚
277 1450 399 1490 homo
407 1451 509 1491 vafer
515 1451 725 1492 auertenda·
739 1452 887 1494 inuidiae
896 1454 1000 1494 causa
1014 1454 1061 1495 ad
1069 1461 1257 1497 maiorum
1273 1464 1514 1515 negotiorum
1531 1466 1774 1517 cogitationes
1782 1496 1792 1512 ,
1802 1469 1843 1504 δε

108 1506 356 1547 secundarum
371 1521 495 1547 rerum
505 1508 606 1562 spem
614 1539 625 1556 ,
635 1508 865 1549 Achaeorum
879 1515 1025 1551 animos
1040 1516 1153 1568 erigit.
1166 1515 1441 1569 Lacedaeinonij
1451 1517 1525 1557 suas
1535 1517 1581 1558 de
1590 1517 1724 1559 finibus
1733 1535 1841 1576 agro-

104 1577 191 1602 rum
205 1563 472 1604 controuersias
486 1563 533 1605 ad
542 1566 766 1605 Romanum
778 1568 957 1606 Senatum
972 1566 1194 1610 detulerant:
1205 1572 1358 1613 Senatus
1373 1578 1503 1614 omnia
1511 1579 1687 1615 omnium
1701 1591 1840 1626 rerum,

104 1632 351 1674 praeterquam
361 1624 484 1674 capitis
492 1620 688 1670 iudicia,ad
697 1622 927 1663 Achaeorum
934 1628 1126 1665 conuentu
1133 1631 1318 1668 reiecerat.
1325 1631 1374 1669 At
1382 1632 1509 1670 Diaeus
1517 1633 1674 1687 gratioso
1682 1632 1841 1673 menda-

104 1680 165 1716 cio
175 1675 419 1716 multitudinis
428 1682 573 1718 animos
582 1678 904 1728 mulcens‚iud1'cio
912 1679 1133 1733 Acheorum
1141 1688 1266 1738 capitis
1273 1689 1387 1726 etiam
1395 1690 1551 1727 crimina
1558 1687 1726 1742 permissa
1734 1704 1842 1730 com-

104 1731 316 1773 miniscitur.
326 1733 371 1772 Et
380 1734 508 1773 Achaei
517 1734 674 1790 quidem
681 1734 755 1774 crim
761 1735 900 1786 eifidem
907 1735 1155 1792 habuiffent,de
1164 1741 1432 1795 Spartanorum
1440 1745 1652 1798 capitalibus
1662 1746 1773 1786 causis
1785 1750 1842 1786 iu-

105 1789 202 1830 dicia
210 1789 330 1830 facere
338 1790 488 1845 aggreffi
500 1791 590 1831 sunt.
600 1793 834 1833 Recusabant
842 1793 1133 1847 Lacedaemonij,
1145 1801 1184 1836 &
1192 1797 1377 1851 mendacij
1388 1801 1542 1840 Diaeum
1553 1816 1757 1857 arguentes,
1763 1818 1841 1842 rur-

106 1845 161 1886 sus
169 1846 284 1887 Rom.
296 1848 475 1886 Senatum
483 1863 527 1888 ea
544 1846 592 1889 de
599 1863 638 1888 re
646 1848 752 1904 seper
763 1850 903 1905 legatos
917 1851 1146 1893 consulturos
1161 1854 1317 1895 aiebant.
1329 1857 1379 1895 At
1393 1857 1522 1897 Achaei
1536 1857 1612 1898 hoc
1626 1859 1745 1913 ipsum
1754 1864 1842 1900 arri-

105 1917 205 1959 pere,
214 1907 301 1942 &in
311 1907 454 1944 crimen
461 1919 607 1954 vocare,
617 1905 707 1945 cum
721 1905 899 1955 dicerent,
910 1923 1040 1948 earum
1054 1909 1203 1950 vrbium
1213 1927 1296 1965 quae
1310 1912 1436 1953 secum
1450 1913 1631 1963 facerent,
1641 1917 1783 1955 nullam
1797 1932 1841 1955 0-

107 1963 243 1998 mnino
253 1959 302 1998 sui
311 1957 380 1999 elle
388 1964 472 2000 iuris
481 1992 491 2009 ,
500 1975 563 2001 aut
575 1960 676 2016 poffe
684 1977 813 2003 earum
827 1964 991 2019 aliquam
999 1964 1171 2020 priuatim
1185 1966 1261 2007 fine
1276 1968 1427 2022 publico
1441 1970 1598 2010 vniuersi
1613 1973 1757 2023 concilij
1776 1972 1841 2012 de·-

106 2029 210 2056 creto
224 2017 394 2056 Romam
401 2017 539 2072 legatos
553 2023 715 2058 mittere.
727 2020 845 2059 Exhis
859 2023 1198 2063 concertationibus
1215 2023 1299 2063 belli
1314 2025 1427 2064 causae
1436 2030 1532 2066 inter
1546 2027 1704 2068 Achaeos
1713 2033 1753 2067 δέ
1768 2030 1841 2068 La-

107 2071 362 2112 cedaemonios
371 2077 530 2116 extitere.
541 2076 632 2115 Satis
641 2076 895 2130 intelligebant
903 2079 1083 2132 Spartani,
1092 2080 1213 2118 multo
1222 2079 1255 2119 se
1264 2079 1334 2120 effe
1342 2081 1488 2132 Acl3aeis
1497 2083 1628 2136 opibus
1636 2083 1839 2129 inferiores.

106 2143 222 2185 quare
236 2127 386 2169 dimiffis
401 2145 466 2184 per
472 2130 578 2170 vrbes
588 2145 671 2185 quae
680 2131 853 2172 Achaicae
862 2132 1011 2173 ditionis
1020 2148 1134 2183 erant,
1145 2135 1192 2175 ad
1199 2136 1318 2191 ipsum
1327 2141 1438 2177 etiam
1447 2139 1600 2178 Diaeurn
1608 2145 1781 2195 priuatim
1788 2144 1841 2182 le-

105 2189 196 2241 gatis
204 2217 214 2233 ,
226 2185 367 2225 bellum
381 2185 682 2240 deprecabantur.
699 2188 734 2227 A
742 2189 949 2229 ciuitatibus
962 2190 1175 2244 responstun
1184 2193 1300 2233 tulere
1308 2225 1318 2241 ‚
1327 2193 1419 2234 cum
1426 2199 1502 2235 iam
1509 2210 1643 2249 praetor
1650 2197 1730 2237 suus
1737 2212 1777 2237 vt
1784 2203 1841 2238 iu-

106 2255 304 2281 uentutem
312 2256 494 2281 armatam
501 2241 704 2283 educerent
718 2242 968 2295 denunciant,
978 2261 1150 2302 oportere
1165 2248 1198 2288 se
1207 2248 1308 2289 dieto
1324 2250 1512 2291 audientes
1526 2251 1596 2293 effe
1606 2271 1613 2291 :
1624 2255 1761 2295 Praetor
1769 2255 1842 2310 ipse

106 2299 235 2338 Diaeus
244 2312 324 2338 non
337 2301 472 2353 Spartae
480 2299 598 2339 aiebat
606 2299 639 2339 le
648 2331 658 2348 ,
667 2299 727 2340 led
734 2304 775 2340 iis
783 2305 847 2356 qui
856 2305 931 2341 eius
939 2307 1092 2343 ciuitatis
1101 2309 1222 2344 otium
1230 2306 1575 2356 turbarent‚bellum
1582 2311 1778 2351 illaturum.
1784 2313 1841 2352 Ac

107 2369 262 2410 rogante
275 2354 401 2395 senatu
415 2369 601 2410 quomam
610 2354 680 2396 ess'e
688 2370 831 2412 putaret
839 2362 901 2409 οτι]
918 2364 958 2398 &
973 2361 1241 2415 tranquillitatis
1253 2362 1375 2403 hostes
1384 2395 1393 2412 ,
1405 2369 1631 2420 optimatum
1644 2368 1705 2408 ille
1712 2372 1842 2424 viginti

110 2425 271 2467 quatuor
277 2416 436 2451 nomina
444 2411 567 2452 edidit.
572 2414 615 2452 In
623 2428 665 2453 ea
674 2428 798 2453 rerum
807 2415 1052 2469 trepidatione
1059 2417 1212 2471 probata
1220 2419 1519 2475 estAgafisthenis
1526 2422 1843 2473 sentenna,homi-

111 2471 167 2508 nis
175 2469 260 2508 clari
268 2472 380 2508 etiam
388 2472 484 2522 prius
500 2469 723 2510 &honorati
732 2501 742 2517 ,
752 2469 812 2510 scd
820 2471 868 2511 ad
877 2476 978 2512 cuius
986 2473 1111 2513 laudes
1119 2488 1164 2514 ex
1172 2475 1248 2515 hoc
1261 2478 1338 2530 ipso
1347 2477 1488 2518 ciuibus
1498 2478 1563 2519 suis
1583 2479 1671 2521 dato
1686 2482 1843 2522 consilio

111 2539 151 2563 m
156 2520 270 2579 agnus
283 2525 427 2565 accessit
434 2527 616 2565 cumulus.
629 2526 873 2567 Persuasitillis
881 2528 962 2583 ipsis
965 2530 1269 2586 primoribus,quos
1277 2538 1388 2572 Diaeus
1395 2534 1550 2579 tAchaet's
1563 2536 1642 2575 dedi
1652 2538 1843 2589 postularet,

110 2595 150 2620 vt
159 2581 368 2620 voluntario
383 2583 505 2630 exilio,
517 2582 599 2622 belli
607 2586 647 2622 in
655 2587 809 2637 patriam
825 2583 927 2624 suam
935 2586 1089 2626 conflati
1102 2588 1321 2629 incendium
1336 2591 1620 2646 restinguerent:
1630 2593 1796 2634 futurum
1806 2610 1844 2634 e-

112 2642 194 2680 nim
202 2650 252 2684 vt,
266 2636 290 2675 fi
299 2638 468 2677 Romam
476 2639 724 2694 confugerent
733 2671 743 2688 ,
754 2644 876 2695 primo
885 2657 1041 2698 quoquc
1048 2645 1247 2699 tempore&
1254 2647 1438 2687 Romanis
1453 2649 1847 2691 res'tituerenturCum

111 2698 236 2748 itaque
245 2693 434 2746 extlffcaufiz
443 2694 561 2735 solum
570 2694 765 2744 vertissent,
786 2698 795 2718 ³
809 2697 971 2738 absentes
980 2704 1104 2754 capitis
1112 2700 1133 2740 ἐι
1148 2702 1332 2756 Spartanis
1340 2703 1505 2744 damnati
1514 2705 1604 2745 sunt.
1617 2707 1798 2747 Miserunt
1806 2713 1847 2747 &t

115 2752 245 2790 Achaei
253 2751 422 2790 Romam
439 2751 678 2792 Callicratem
694 2757 734 2792 <Sc
743 2754 895 2793 Diaeum
904 2786 914 2803 ,
924 2760 988 2811 qui
1003 2760 1043 2795 in
1052 2758 1190 2798 Senatu
1205 2773 1337 2800 contra
1351 2761 1548 2814 Spartanos
1562 2764 1684 2804 exules
1700 2763 1848 2804 caulam

112 2807 278 2847 dicerent
288 2823 295 2844 :
310 2811 350 2845 δι’
359 2807 570 2847 Callicrates
586 2808 743 2863 quidem
751 2808 841 2849 cum
849 2811 1035 2852 Rhodum
1044 2812 1251 2863 diuertisset,
1261 2816 1312 2855 ibi
1320 2817 1458 2857 morbo
1466 2822 1616 2858 interiit:
1628 2834 1700 2860 nec
1708 2820 1780 2861 scio
1789 2820 1849 2860 fu-

113 2860 180 2904 erit
188 2878 249 2910 ne,
259 2862 283 2901 ii
292 2864 461 2903 Romam
469 2863 687 2918 peruenisset
694 2896 704 2913 ‚
713 2867 962 2907 emolumenti
971 2868 1109 2925 aliquid
1118 2871 1263 2911 Achaeis
1282 2873 1453 2913 allaturus
1461 2905 1472 2923 ,
1481 2889 1529 2914 an
1544 2889 1645 2916 noua
1656 2881 1751 2916 inter
1766 2878 1847 2916 illos

113 2924 305 2960 maiorum
311 2921 501 2959 malorum
510 2920 648 2960 semina
656 2921 842 2975 sparsurus.
853 2923 982 2964 Diaeus
990 2926 1081 2966 vero
1089 2931 1129 2966 δέ
1137 2927 1382 2976 Menalcidas,
1393 2930 1457 2968 vbi
1464 2939 1607 2970 Romam
1611 2944 1849 2986 peruenerunt,

114 2975 204 3016 cum
213 2978 330 3016 multa
337 2977 434 3015 vltro
449 2975 618 3031 citroque
627 2992 692 3032 per
705 2979 983 3021 altercationem
999 2984 1302 3025 contumeliosius
1317 2990 1412 3026 inter
1419 2986 1453 3026 se
1464 2988 1596 3028 mistam
1609 2987 1778 3029 dixissent
1785 3004 1849 3029 au-

114 3031 323 3087 diffentt'lue
332 3064 341 3080 ‚
351 3032 540 3087 postremo
550 3032 737 3088 respondit
751 3036 917 3086 Senatus,
925 3038 1063 3093 legatos
1077 3043 1116 3079 in
1126 3042 1312 3081 Graeciam
1320 3057 1496 3084 venturos
1505 3076 1514 3092 ,
1524 3043 1644 3100 quide
1653 3046 1786 3100 quibus
1794 3050 1852 3085 in-

116 3088 213 3129 terse
228 3088 440 3129 diffiderent
454 3089 730 3142 Lacedaemonij
740 3092 1345 3153 &Achaeirebus‚cognoscerent.
1362 3100 1491 3155 Legati
1505 3115 1550 3140 ex
1558 3101 1648 3142 vrbe
1665 3101 1814 3142 otiosius
1823 3107 1852 3142 i-

116 3159 171 3185 ter
185 3145 364 3185 fecerunt.
382 3150 560 3200 quocirca
574 3159 720 3186 tantum
740 3149 904 3189 interfuit
919 3150 1015 3206 spatij
1025 3183 1035 3201 ,
1044 3167 1086 3193 vt
1105 3157 1245 3194 interea
1267 3156 1394 3194 Diaeus
1416 3157 1574 3197 Achaeos
1590 3188 1601 3206 ‚
1620 3158 1853 3200 Menalcidas

118 3203 318 3255 Spartanos
335 3201 426 3242 dolo
442 3206 474 3242 ci
479 3206 715 3243 rcumuenire
729 3210 932 3259 potuerint.
951 3209 1015 3248 Ille
1036 3209 1181 3249 Achaeis
1204 3210 1371 3265 persuasit
1384 3242 1394 3260 ‚
1410 3212 1679 3254 Romanorum
1700 3214 1852 3256 decreto

120 3258 319 3313 Spartanos
335 3263 374 3297 in
382 3258 612 3299 Achaeorum
623 3258 753 3302 officio
760 3276 804 3302 ac
818 3264 996 3318 potestate
1010 3264 1092 3307 fote
1100 3296 1108 3304 .
1124 3266 1435 3309 Lacedaemonios
1449 3273 1487 3308 in
1496 3284 1581 3310 eam
1590 3270 1695 3312 facile
1710 3271 1855 3313 senten-

1496 3328 1570 3383 Q
1595 3331 1629 3379 11)

1864 2314 1928 2354 218
