2047 3665
231 190 282 232 64
508 175 874 218 PAVSANIAE
916 177 1447 229 CORINTHIACA‚
1490 181 1639 221 SIVE

228 270 347 312 preter
355 255 451 294 Iouis
460 253 684 303 aedemmihil
691 254 803 295 habet
812 268 923 295 mons
932 254 1250 294 aliud-memoratu
1257 254 1426 310 dignum:
1437 269 1521 295 eam
1528 256 1618 296 verb
1626 256 1673 296 ab
1681 257 1798 296 AEaco
1806 257 1886 296 Ioui
1893 257 1949 298 di-

228 327 350 352 catam
358 310 487 351 tradiit.
498 313 596 373 Q
604 310 695 353 vero
703 310 750 351 de
758 310 915 351 Auxefia
922 316 963 350 δε
971 311 1112 359 Lamia,
1118 310 1446 365 quemadmodum
1454 312 1586 352 scilicet
1597 312 1688 352 cum
1695 311 1876 367 Epidaurij
1884 313 1950 354 diu

228 369 364 407 imbres
372 366 624 407 defiderassent
631 399 642 416 ‚
651 381 762 422 atque
769 382 814 406 ex
822 367 973 407 oraculo
981 365 1149 421 quodam
1157 365 1257 420 signa
1263 365 1344 407 haec
1351 381 1395 406 ex
1403 368 1484 406 olea
1496 367 1544 406 ab
1551 368 1836 408 Atheniensibus
1844 383 1949 408 acce—

227 439 290 479 pta
297 421 460 464 fecissent
470 440 478 462 ι
488 437 571 463 tum
577 422 667 463 vero
676 422 1003 478 quemadmodum
1011 421 1100 462 cum
1106 421 1288 476 Epidaurij
1298 422 1477 462 tributum
1484 427 1708 478 imperatum
1716 423 1950 464 Atheniensi-

228 480 295 520 bus
303 494 384 520 non
391 478 714 535 penderent,quod
721 495 764 519 ea
771 479 872 534 signa
878 492 990 533 penes
999 476 1184 533 AEginetas
1192 476 1315 518 essent:
1325 478 1538 519 AtheniEses
1549 484 1614 534 qui
1621 480 1777 520 insulam
1784 479 1831 520 ad
1839 495 1883 520 ea
1889 493 1948 519 re*

226 535 386 592 petenda
391 535 802 584 transmiserant‚omnes
811 532 1074 589 perierintzhaec
1081 537 1210 573 omnia
1217 532 1306 573 cum
1313 533 1487 573 subtiliter
1493 536 1698 588 persecutus
1704 535 1814 575 fuerit
1822 537 1948 575 Hero—

225 593 335 633 dotus
344 624 354 641 ‚
363 604 444 632 non
451 591 502 632 est
508 592 654 631 libitum
667 591 713 630 ab
721 606 767 630 eo
774 591 978 630 luculenter
991 589 1185 644 perscripta
1191 589 1326 629 referre
1333 619 1341 628 .
1351 586 1394 630 ld
1401 604 1521 630 vnum
1528 589 1665 631 addam
1674 622 1684 639 ,
1693 590 1820 631 vidiffe
1833 605 1897 631 me
1903 606 1948 631 ea

225 648 547 702 fimulacra,remc'1;
556 649 620 686 illis
629 647 796 686 diuinam
803 644 933 685 secisse.
942 644 1037 684 fiunt
1045 659 1170 685 autem
1177 646 1243 685 illis
1250 659 1332 685 non
1340 646 1411 685 alio
1419 677 1429 694 ‚
1437 646 1554 701 quam
1562 647 1658 687 sacra
1666 646 1857 696 Eleusinia,
1863 651 1946 687 ritu.

223 706 352 760 Atque
361 705 440 744 haec
448 704 624 743 haeremus
633 702 680 742 de
693 703 839 757 Aigina,
848 706 888 740 δε
895 703 1025 749 AEaCO,
1046 704 1053 718 ¹
1070 701 1154 756 desp
1163 701 1335 756 operibus
1343 705 1384 741 iis
1393 716 1476 757 quae
1489 707 1530 741 in
1537 717 1580 742 ea
1586 703 1699 743 insula
1714 702 1889 743 visimtur.
2012 751 2015 753 ι

225 762 389 800 Finitimi
403 760 483 799 sunt
495 758 695 813 Epidauriis
709 758 910 808 Troezenij.
931 758 943 773 ²
959 757 998 796 hi
1005 771 1060 797 res
1069 756 1144 796 suas
1155 789 1165 805 ‚
1172 771 1358 812 quantum
1372 762 1436 813 qui
1449 759 1614 798 maxime
1622 790 1632 807 ‚
1641 757 1876 814 amplificant.
1886 759 1946 799 Ο·
1960 753 2011 808 id

163 824 190 864 7
193 827 208 865 3
227 831 311 856 rum
319 821 420 856 aiunt
426 819 591 870 primum
597 818 637 853 in
651 830 693 854 ea
700 828 794 853 terra
799 817 978 869 genitum.
987 813 1081 852 mihi
1089 827 1216 854 tamen
1224 814 1483 868 AEgyptiacum
1494 846 1505 863 ‚
1520 828 1601 854 non
1616 816 1794 855 Graecum
1799 828 1947 855 nomen

225 875 326 914 Orus
335 871 405 912 esse
413 870 603 910 videtur.at
609 871 714 909 illurn
722 868 884 925 regnasse
892 869 1074 917 dicune&
1082 870 1128 909 ab
1134 884 1183 909 eo
1190 873 1385 925 regionem
1395 872 1534 910 Oraean
1540 884 1803 926 nuncupatam.
1813 871 1946 911 Postea

222 930 313 970 vero
322 927 409 967 Alth
414 941 538 981 epum,
547 927 728 980 Neptuno
737 940 782 966 ex
790 925 906 965 Leide
915 927 986 966 Ori
993 924 1066 965 filia
1071 929 1409 980 genittun‚accepto
1417 926 1464 966 ab
1471 941 1543 967 auo
1552 926 1897 983 regno,Althepiam
1902 942 1945 967 e-
1972 944 1975 949 ¹

222 1000 285 1025 am
292 981 506 1024 nominasse.
515 983 657 1022 Interea
670 981 831 1022 dumhic
838 996 995 1036 regnum
1005 994 1146 1022 teneret
1153 1013 1163 1030 ‚
1172 980 1378 1037 disceptasse
1387 982 1609 1037 Neptunum
1623 988 1664 1023 δε
1669 984 1888 1023 Mineruam
1893 982 1945 1023 de
1995 1030 2001 1033 s

222 1043 295 1081 loci
303 1040 412 1080 tutela
421 1056 428 1077 :
439 1042 487 1078 ita
495 1050 540 1078 ex
547 1053 593 1078 eo
602 1042 804 1078 certamine
812 1037 997 1078 disceffiffe
1003 1069 1014 1086 ‚
1025 1052 1067 1078 Vt
1073 1052 1118 1077 ex
1125 1039 1223 1078 Iouis
1230 1039 1379 1078 arbitrio
1387 1043 1600 1078 communis
1607 1043 1714 1094 vtriq;
1722 1043 1751 1078 is
1757 1039 1881 1079 honos
1889 1038 1943 1078 es?-

225 1098 283 1137 set.
292 1110 377 1136 earn
385 1095 436 1134 ob
444 1109 524 1134 rem
531 1095 748 1134 Mineruam
753 1095 949 1135 veneratur
956 1093 1148 1134 Poliadem
1156 1099 1196 1134 &
1204 1097 1226 1135 S
1230 1093 1444 1134 them-adem
1452 1127 1462 1144 ‚
1472 1094 1617 1135 duobus
1625 1094 1785 1135 eandem
1794 1109 1942 1150 cogno-

221 1152 437 1193 minibus&
445 1152 667 1206 Neptunum
674 1152 823 1206 Regem
834 1152 1215 1207 cognomento.Qin
1223 1155 1264 1190 &
1270 1151 1431 1190 vetustus
1440 1155 1514 1191 eius
1522 1152 1650 1206 populi
1656 1153 1792 1191 numus
1801 1150 1940 1191 criden*

219 1214 262 1249 tis
269 1213 412 1256 nota,&
420 1208 602 1247 Mineruae
611 1211 728 1261 capite
734 1207 760 1246 fi
786 1220 890 1246 natus
899 1206 960 1246 est.
998 1206 1171 1246 Succeffit
1178 1207 1340 1262 Althcpo
1348 1209 1476 1247 Saron.
1494 1209 1503 1229 ³
1517 1208 1621 1247 hunc
1628 1207 1675 1248 ad
1682 1221 1785 1247 mare
1792 1208 1867 1247 aiut
1872 1208 1940 1247 Sa·
1991 1257 1994 1259 Α

218 1264 342 1305 ronidi
350 1266 483 1303 Dianae
491 1264 674 1318 templum
681 1222 880 1311 aedifigcasse,
888 1263 975 1303 loco
983 1263 1128 1318 palustri
1136 1278 1178 1303 ac
1186 1262 1336 1311 vadoso,
1345 1263 1397 1302 ob
1404 1277 1488 1303 eam
1495 1263 1641 1303 causam
1649 1261 1865 1304 Phoebaeam
1873 1277 1939 1317 pa-

221 1320 350 1361 ludem
358 1319 505 1360 didram.
515 1320 697 1359 saronem
704 1319 822 1374 ipsmn
829 1332 978 1359 narrant
991 1318 1081 1359 cum
1087 1318 1249 1359 venandi
1258 1319 1378 1359 studio
1385 1319 1590 1374 plurimum
1598 1319 1848 1367 dele&aremr‚
1856 1333 1936 1359 cer·
1956 1328 2004 1354 20

220 1391 314 1417 uum
321 1376 434 1431 Vsque
443 1375 489 1415 ad
496 1390 598 1416 mare
606 1375 846 1430 persecutum
855 1390 966 1430 atque
973 1375 1061 1415 inde
1068 1374 1157 1415 cum
1164 1375 1372 1431 fugientem
1380 1379 1495 1415 acrius
1503 1389 1659 1432 vrgeret‚
1667 1375 1701 1416 se
1708 1380 1748 1414 in
1754 1389 1840 1416 eam
1848 1375 1939 1415 allu-

218 1438 321 1473 uiem
329 1430 517 1472 demifisse:
526 1446 680 1472 nantem
687 1431 777 1471 vero
785 1432 930 1487 longius
938 1435 1014 1471 iam
1021 1430 1041 1470 εὶ
1048 1429 1155 1471 litore
1162 1431 1281 1471 feram
1294 1431 1383 1472 cum
1390 1431 1513 1486 predae
1520 1432 1716 1487 cupiditate
1724 1445 1849 1487 captus
1855 1445 1938 1471 non

218 1490 419 1530 dimitteret
430 1520 439 1536 ,
447 1492 486 1526 in
493 1489 640 1543 pelagus
651 1488 872 1543 pronesium
881 1505 890 1530 ς
900 1488 951 1527 ibi
959 1488 1132 1528 &labore
1139 1487 1358 1528 confetstum
1365 1519 1375 1536 ,
1384 1493 1424 1527 &
1431 1492 1541 1528 maris
1549 1488 1636 1528 aestu
1642 1493 1716 1528 iam
1725 1488 1840 1544 prope
1853 1484 1938 1527 sub-

218 1545 380 1585 mersum
388 1543 489 1584 diem
496 1544 602 1583 suum
611 1542 733 1584 obisse.
742 1542 827 1583 Eius
835 1542 992 1584 cadauer
999 1543 1046 1584 ad
1054 1544 1269 1584 Phoebaeam
1277 1543 1452 1598 paludem
1459 1549 1499 1583 in
1506 1546 1640 1584 Dianae
1647 1545 1745 1593 luco,
1753 1557 1866 1600 atque
1871 1542 1938 1584 ad-

217 1618 264 1642 eo
272 1606 367 1640 intra
381 1599 465 1639 aedis
476 1604 678 1639 maceriam
686 1599 893 1639 conditum.
903 1600 1128 1640 AEstuarium
1143 1599 1233 1640 illud
1241 1601 1287 1640 ab
1295 1616 1341 1641 eo
1358 1601 1441 1640 casu
1449 1615 1516 1656 pro
1525 1601 1699 1641 Phoebaea
1713 1599 1935 1641 Saronidem

215 1656 391 1713 paludem
399 1657 621 1710 appellatum
628 1656 832 1710 perhibent.
890 1656 1140 1696 Posteriorum
1148 1655 1237 1696 vero
1252 1671 1384 1711 regum
1397 1657 1511 1712 Vsque
1518 1656 1564 1697 ad
1571 1658 1800 1711 Hyperetem
1806 1656 1936 1695 &An-

217 1714 307 1753 than
321 1717 515 1753 neminem
523 1725 672 1752 norunt.
685 1711 755 1751 hos
763 1711 919 1766 quidem
927 1712 1094 1766 Neptuni
1102 1712 1225 1752 ferunt
1231 1717 1270 1752 &
1278 1714 1462 1767 Alcyones
1479 1714 1635 1752 Atlantis
1645 1711 1727 1752 filiae
1737 1712 1812 1752 satu
1819 1724 1933 1760 ortos,

215 1770 264 1810 ab
271 1769 370 1824 illisc‘p
387 1769 585 1823 Hyperean
598 1770 637 1807 ὀί
647 1768 823 1813 Anthean
835 1772 875 1806 in
884 1768 1115 1823 ipsaregione
1126 1768 1264 1823 oppida
1278 1768 1444 1809 condita:
1454 1782 1619 1824 quorum
1633 1769 1789 1808 alterum
1803 1768 1932 1807 Aetius

215 1825 354 1866 Anthae
365 1824 469 1873 filius,
479 1837 631 1878 accepto
639 1822 660 1862 ὲ
666 1837 767 1879 patre
773 1825 943 1879 patruoc'p
950 1828 1244 1878 imperio,priore
1251 1829 1408 1865 nomine
1416 1823 1861 1873 mutato‚1³0fidoniadem
1866 1837 1932 1877 ap·
1997 1875 2001 1878 -

215 1882 364 1937 pellarit.
370 1882 523 1920 Atenim
530 1880 619 1920 cum
626 1880 791 1920 Troezen
799 1885 838 1919 &
847 1881 1008 1920 Pittheus
1016 1879 1062 1920 ad
1071 1882 1223 1920 Aetium
1230 1879 1490 1929 venissent,tres
1497 1885 1573 1920 iam
1584 1895 1651 1935 pro
1658 1894 1736 1920 vno
1742 1894 1843 1935 reges
1850 1879 1935 1918 fue-⁷
1953 1888 1997 1926 30

215 1950 311 1976 runt.
320 1938 513 1977 Firmiores
521 1936 619 1976 certe
630 1937 773 1990 Pelopis
782 1936 944 1976 filiorum
953 1952 1040 1991 opes
1048 1935 1150 1976 fuisse
1158 1952 1200 1976 ea
1207 1946 1262 1977 res
1277 1950 1497 1992 argtunento
1506 1935 1576 1976 esse
1583 1936 1702 1990 potest
1709 1967 1718 1984 ‚
1726 1935 1834 1991 quod
1840 1933 1931 1974 cum

213 1993 379 2033 Troezen
387 1991 587 2032 decessisset
594 1993 613 2032 ἐ
621 1996 694 2032 vita
701 2023 712 2040 ,
722 1992 883 2032 Pittheus
893 1993 1090 2047 Hyperean
1098 1997 1138 2032 δε
1146 1993 1321 2032 Anthean
1333 1997 1372 2031 in
1379 1997 1434 2032 ius
1441 2008 1484 2032 ac
1491 1993 1656 2032 formam
1663 1996 1770 2031 vuius
1778 1994 1933 2031 ciuitatis

214 2048 436 2096 rcda&as,ex
444 2061 597 2103 Vtraque
603 2052 642 2086 in
649 2061 768 2087 vnum
776 2049 904 2088 coacta
911 2048 1158 2096 multitudine,
1165 2047 1353 2088 Troezena
1359 2048 1407 2088 de
1414 2049 1528 2088 fratris
1536 2052 1693 2089 nomine
1700 2050 1931 2102 nuncuparit.

216 2106 267 2144 At
273 2104 461 2145 Troezene
474 2105 597 2143 multis
605 2103 760 2159 quidem
768 2104 850 2158 post
864 2107 968 2143 annis
975 2135 986 2152 ,
995 2108 1060 2158 qui
1067 2104 1114 2143 ab
1122 2105 1232 2144 A'etio
1247 2104 1383 2143 Anthae
1396 2103 1472 2144 filio
1481 2108 1665 2159 originem
1677 2104 1864 2144 ducebant
1871 2134 1881 2151 ,
1889 2106 1930 2142 in

215 2163 405 2209 coloniam
420 2160 512 2199 miffi
524 2192 533 2209 ‚
543 2159 734 2215 Myndum
748 2165 788 2199 δε
803 2158 1098 2199 Halicarnassum
1104 2164 1144 2198 in
1162 2160 1272 2200 Caria
1286 2159 1534 2200 deduxerunt:
1543 2160 1737 2200 Troezenis
1750 2159 1812 2211 filij
1827 2160 1930 2198 Ana-
1964 2180 1979 2196 ο

214 2217 372 2272 phlystus
380 2222 419 2256 &
427 2218 449 2256 S
453 2216 597 2271 phetrus
605 2220 644 2255 in
653 2218 814 2256 Atticam
823 2218 1008 2271 migrarim
1017 2215 1038 2255 a
1046 2216 1179 2271 quibus
1187 2220 1295 2256 curiae
1303 2216 1559 2256 Atheniesium
1571 2216 1652 2256 duae
1659 2219 1816 2256 nomina
1822 2229 1928 2255 acce-

215 2286 358 2327 perunt.
370 2274 457 2312 Hoc
465 2274 550 2313 loco
558 2272 606 2312 de
612 2272 759 2313 Theseo
769 2272 902 2313 Pitthei
910 2287 955 2312 ex
962 2272 984 2311 fi
988 2273 1034 2312 lia
1041 2286 1178 2327 nepote
1186 2304 1196 2320 ,
1205 2272 1311 2327 quod
1317 2272 1393 2312 satis
1401 2273 1481 2312 sunt
1488 2273 1663 2312 omnibus
1670 2276 1746 2312 eius
1753 2286 1808 2312 res
1816 2285 1928 2319 notae,

215 2329 306 2367 nihil
314 2328 428 2368 scribo
436 2346 445 2369 ;
457 2328 516 2368 sed
523 2344 566 2368 ea
573 2343 655 2383 quae
663 2328 835 2370 addenda
842 2329 973 2368 censeo
983 2332 1021 2367 in
1030 2329 1214 2382 praesentia
1221 2328 1427 2383 persequor.
1447 2331 1463 2351 ⁴
1478 2329 1648 2369 Herculis
1661 2328 1794 2368 liberos
1804 2327 1928 2382 postli-

214 2388 334 2424 minio
351 2384 510 2423 reuersos
521 2384 584 2438 ipsi
592 2389 703 2424 etiam
709 2385 764 2423 Tr
825 2389 896 2435 enij
906 2389 945 2423 in
953 2387 1106 2425 ciuitatis
1113 2384 1323 2425 societatem
1330 2381 1547 2439 receperunt
1559 2402 1567 2422 :
1577 2388 1715 2439 quippe
1722 2388 1788 2439 qui
1794 2384 1928 2424 &Do-

215 2440 389 2480 rienfibus
398 2471 407 2487 ‚
417 2443 481 2495 qui
490 2441 594 2495 Argis
602 2399 846 2488 venerangc
854 2440 933 2494 ipsis
942 2443 1053 2480 etiam
1061 2441 1206 2495 Argiuis
1213 2441 1298 2480 ante
1311 2439 1515 2495 paruissent.
1524 2441 1627 2480 Nam
1641 2446 1682 2479 &
1689 2441 1880 2480 Homerus
1887 2442 1926 2478 in
1937 2446 2001 2497 4q

214 2500 375 2537 exercitu
383 2498 604 2536 Graecorum
616 2496 854 2545 recensendo,
864 2496 1099 2536 Diomedem
1105 2497 1171 2535 illis
1178 2495 1366 2550 imperasse
1374 2496 1471 2537 dicit„
1481 2496 1662 2551 siquidem
1669 2494 1879 2536 Diomedes
1886 2500 1927 2536 &
1999 2500 2007 2509 '

211 2554 383 2607 Euryalus
392 2552 730 2608 Mecistei‚suscepta
738 2553 1073 2607 CyanippiAEgialei
1081 2551 1142 2603 filij
1151 2554 1271 2600 tutela,
1276 2553 1434 2607 Argiuos
1442 2552 1489 2593 ad
1497 2552 1613 2592 Troia
1620 2551 1928 2593 deduxere.Sthe-

210 2610 314 2648 nelus
323 2609 411 2648 vero
421 2613 484 2660 (vti
492 2609 577 2648 ante)
585 2608 742 2663 exposui)
753 2609 930 2649 natalibus
937 2608 1058 2651 multo
1066 2609 1135 2648 fuit
1142 2608 1364 2659 clarioribus,
1371 2610 1468 2663 nepe
1476 2612 1540 2664 qui
1549 2608 1596 2648 de
1604 2622 1736 2649 eorum
1744 2607 1829 2649 esset
1834 2622 1926 2663 gen-

212 2678 248 2705 te
257 2665 408 2719 quisunt
416 2665 684 2720 Anaxagoridae
691 2666 903 2720 appellati.ei
910 2668 1035 2720 itaque
1042 2679 1081 2703 m
1090 2667 1215 2718 primis
1224 2665 1411 2719 Argiuorfi
1417 2665 1620 2705 debebatur
1627 2665 1927 2719 imperium.Hec

212 2720 260 2761 de
267 2721 556 2761 Troezeniorum
563 2721 670 2761 rebus
676 2721 825 2774 historie
833 2720 1009 2761 mandata
1015 2721 1104 2760 sunt:
1109 2734 1327 2775 quanquam
1334 2726 1374 2760 &
1380 2722 1496 2761 multa
1503 2720 1648 2761 fortasse
1659 2721 1706 2761 de
1713 2724 1852 2775 iisquas
1860 2718 1926 2760 de·-

209 2776 394 2817 duxerunt
401 2775 896 2832 coloniis,addipoffent.lam
903 2776 993 2816 vero
1003 2777 1230 2832 templorum
1239 2791 1469 2826 ornamenta,
1480 2782 1519 2817 ὅζ
1526 2778 1594 2817 alia
1602 2778 1764 2818 maxime
1771 2775 1925 2831 insignia

211 2847 323 2888 opera
330 2833 530 2888 persequar.
588 2835 631 2873 In
638 2833 927 2873 Troezeniorum
935 2833 1019 2873 foro
1027 2834 1161 2873 Diana:
1169 2829 1426 2888 cognomento
1439 2833 1586 2889 Sospita:
1593 2834 1776 2887 templum
1783 2846 1872 2872 cum
1878 2830 1924 2871 si-

210 2902 287 2944 gno
296 2889 541 2928 est.Dicatum
548 2888 587 2928 id
594 2889 615 2928 a
623 2889 769 2930 Theseo
777 2889 909 2938 tradiit,
917 2889 1066 2944 deamq3
1074 2889 1188 2944 ipsam
1194 2894 1243 2929 ita
1250 2889 1589 2938 nominatamssum
1596 2890 1682 2931 ille-e
1692 2889 1924 2931 Cretainter-

209 2959 338 3000 empto
347 2944 541 2984 Asterione
556 2945 697 2984 Minois
705 2945 781 2985 filio
790 2944 941 2985 redisset.
957 2945 1072 2985 Fuisse
1086 2959 1210 2985 autem
1225 2949 1401 2985 omnium
1414 2945 1548 2987 Thesei
1561 2945 1746 2986 fauortun
1759 2944 1835 2984 hoc
1841 2958 1924 2985 me-

208 3015 356 3041 moratu
363 2999 615 3055 dignissimum
623 3001 791 3040 existimo
800 3033 810 3049 ‚
819 3015 898 3040 non
906 3002 957 3041 ob
964 2999 1003 3041 id
1010 3000 1128 3041 solum
1136 3001 1242 3056 quod
1255 3001 1429 3042 Asterion
1436 3002 1663 3057 viribuslfige
1670 3000 1921 3041 fuitomnibus
1940 3004 1984 3048 50'

211 3061 251 3096 iis
259 3072 355 3112 quos
362 3056 525 3096 Theseus
543 3057 757 3104 confecerit,
766 3057 940 3123 lberior:
953 3055 1084 3096 verum
1093 3058 1213 3097 multo
1221 3057 1272 3098 ob
1279 3071 1364 3097 eam
1372 3058 1517 3100 causam
1524 3063 1640 3112 magis
1647 3089 1657 3106 ‚
1666 3056 1773 3113 quod
1779 3055 1869 3097 cum
1875 3069 1921 3096 ex

210 3112 438 3166 Labyrintho
454 3113 550 3152 clam
563 3126 704 3167 patrato
718 3113 883 3152 facinore
897 3110 1064 3167 effugerit
1072 3145 1081 3161 ,
1090 3113 1296 3169 omnest‘Iue
1311 3114 1385 3154 loci
1401 3112 1634 3155 difficultates
1644 3113 1814 3168 superarit
1821 3144 1831 3160 ‚
1842 3126 1921 3152 cer-

209 3181 289 3206 tum
298 3168 439 3209 dederit
452 3168 725 3209 documentum
734 3200 744 3216 ,
754 3167 842 3209 cum
851 3169 884 3209 se
898 3182 979 3208 tum
993 3168 1108 3208 socios
1122 3174 1159 3209 vi
1167 3169 1302 3210 diuinae
1315 3169 1556 3223 prouidentia:
1571 3169 1737 3209 seruatos.
1809 3169 1853 3207 In
1859 3182 1920 3208 ea-

209 3222 297 3262 dem
306 3224 384 3263 sunt
393 3224 470 3264 aede
478 3221 592 3265 desim
606 3221 769 3265 inferum
776 3239 854 3266 arae.
863 3224 934 3264 hac
941 3227 1044 3264 enim
1058 3224 1078 3264 a
1087 3225 1224 3265 Libero
1233 3226 1340 3268 Patre
1346 3227 1520 3265 Semelen
1527 3224 1572 3264 ab
1584 3225 1708 3265 inferis
1715 3224 1919 3271 reduRam,

209 3277 375 3321 hacitcm
383 3280 429 3321 ab
442 3281 606 3323 Hercule
613 3281 816 3323 extradhun
829 3282 927 3322 Ditis
943 3295 1095 3331 canem,
1103 3281 1203 3325 fama
1211 3282 1384 3338 vulgauit.
1392 3296 1464 3338 ego
1471 3281 1561 3323 vero
1576 3282 1803 3322 Semelenne
1816 3292 1918 3320 mor-

1815 3347 1917 3377 tuam
