2047 3665
40 718 85 746 10

41 1287 88 1312 20

39 1854 82 1893 30

29 2418 84 2454 AO

26 2983 69 3021 50

660 120 925 162 LIBER
980 121 1330 165 SEXTVS.
1797 135 1864 174 169

121 199 335 256 spanffumjn
343 215 390 241 eo
393 202 473 255 pari
478 198 714 255 magnitudine
720 199 934 239 cellulae.eas
940 202 1036 239 inter
1042 198 1077 239 se
1083 199 1363 257 sortiuntur‚qui
1371 203 1429 242 vel
1437 217 1556 258 equos
1564 207 1689 258 priuos
1697 235 1707 252 ‚
1716 205 1775 244 vel
1783 219 1867 244 cur-

120 271 180 296 rus
189 260 234 296 im
242 270 431 297 certamen
439 255 654 311 producunt
662 286 671 294 .
687 255 993 311 Intenditurvero
1000 255 1021 294 a
1029 254 1156 296 fronte
1163 255 1261 296 fimis
1269 272 1336 312 pro
1352 261 1532 314 repagulis
1541 291 1549 299 .
1561 262 1636 300 Ara
1643 260 1691 301 ad
1698 260 1866 300 mediam

120 312 198 353 fere
206 327 331 368 prorae
338 325 482 366 partem
490 313 511 352 ἐ
519 311 637 353 crudo
645 313 822 353 laterculo
838 313 847 328 ¹
863 313 985 353 ere&a
992 311 1157 352 estzhanc
1165 314 1322 353 te&orio
1330 320 1457 354 recenti
1467 316 1617 372 lingulis
1627 317 1801 357 oblinunt
1808 318 1866 357 lu-

118 368 266 411 dorum
273 367 504 408 conuetibus.
514 371 632 424 Super
638 383 817 418 ara,aenea
825 369 946 424 aquila
952 369 1024 408 late
1034 367 1138 423 paffis
1146 369 1208 409 alis
1216 371 1473 419 eXtat.ea‚cum
1480 373 1736 414 machinulam
1745 389 1866 429 quan-

118 424 250 466 dam1is
259 429 513 465 commouerit
522 429 581 465 cui
588 424 626 466 id
634 429 772 481 negotij
783 424 912 466 datum
922 424 1109 473 est‚statim
1117 424 1151 465 se
1159 429 1197 464 in
1207 426 1410 480 specstatorfi
1417 429 1662 483 conspestum
1671 431 1773 486 quasi
1781 429 1865 471 sub—

119 482 294 521 uolanura
300 481 479 523 attollinat
487 481 700 536 Delphinus
708 481 755 522 ad
762 486 878 521 imam
887 480 951 522 soli
959 495 1084 521 aream
1091 481 1159 520 alia
1167 481 1327 521 machina
1335 482 1678 526 demittimr.Prima
1685 491 1864 527 omnium

118 551 163 578 ea
174 535 441 576 submittuntur
448 539 632 594 repagula,
642 553 725 594 quae
733 542 867 593 vtrinq;
876 542 976 577 iuxta
984 538 1190 594 Agnampti
1196 542 1385 607 porticum
1391 544 1534 580 intenta
1540 542 1783 582 fuerantztum
1795 547 1862 600 qui

118 608 162 634 ea
168 597 209 632 in
217 606 324 647 parte
331 592 572 634 sustinebatur
579 599 680 650 equi,
688 594 809 634 statim
817 595 851 635 se
858 598 898 633 in
906 593 1017 649 pedes
1027 593 1127 634 dant.
1136 599 1158 646 ij
1169 610 1259 635 cum
1268 594 1314 636 ad
1322 596 1480 636 alterum
1489 612 1678 653 equorum
1685 598 1861 640 ordinem

117 647 487 698 accessermt‚eodem
497 650 619 692 modo
626 656 666 690 &
674 651 740 690 illis
749 649 808 690 sua
815 655 1054 691 remittuntur
1060 651 1401 707 repagulaldemfit
1408 658 1517 693 omni
1525 669 1571 695 ex
1578 668 1771 694 carcerum
1778 671 1861 711 par-

117 719 167 756 te,
176 704 389 762 vsquedum
397 707 443 748 ad
452 708 571 762 ipsum
578 722 696 762 prorae
705 707 866 748 rostrum
875 721 1065 763 exaequata
1071 707 1182 748 fuerit
1189 708 1310 749 cursus
1317 708 1497 751 conditio.
1508 711 1673 765 Ibi,equis
1679 714 1718 750 in
1726 710 1861 752 liberio-

116 778 191 804 rem
209 765 306 802 eiam
313 777 468 819 campum
475 763 736 819 effundentibus,
744 769 784 803 &
792 767 1003 820 aurigarum
1010 763 1044 805 se
1052 764 1211 805 ostentat
1219 765 1384 814 sollertia,
1392 771 1432 806 &
1439 766 1729 823 quadrupedum
1736 773 1860 822 perni-

117 823 217 860 citas.
228 821 375 861 Primus
383 825 447 877 qui
457 836 540 861 eam
548 824 771 876 excogitauit
779 835 971 861 carcerum
979 820 1158 870 formam,
1168 822 1332 862 Cleoetas
1340 822 1422 871 fuit,
1441 825 1453 839 ²
1463 828 1523 864 cui
1530 837 1631 865 tanta
1639 824 1692 864 est
1701 824 1809 864 huius
1818 841 1862 866 o-

117 880 212 933 peris
227 875 416 919 causalaus
431 878 565 918 tributa
572 909 582 926 ,
593 891 633 917 vt
639 877 679 917 hi
696 877 833 917 fuerint
840 877 960 917 versus
969 877 1016 918 ad
1028 882 1116 927 eius,
1125 894 1209 935 quae
1217 878 1374 919 Athenis
1382 879 1446 930 est,
1453 880 1611 922 statuam
1619 880 1797 935 adscripti:

347 941 487 975 carcere
494 933 537 973 ab
545 934 622 974 Eleo
629 934 742 974 docuit
751 937 812 989 qui
819 936 955 974 mittere
961 950 1091 984 currus,

400 995 454 1033 Mi
460 1002 561 1031 autor
573 991 714 1031 Cleoetas
721 1003 822 1030 natus
827 992 1049 1036 ψίνὶέῗοείεε.

118 1049 206 1091 Post
215 1049 391 1091 Cleoetan
400 1047 587 1102 Aristiden
594 1062 810 1089 memorant
837 1049 845 1070 ³
862 1048 962 1089 aliud
969 1043 1154 1101 machinae
1167 1065 1284 1106 genus
1292 1049 1521 1108 excogitasse.
1594 1053 1768 1095 Alterum
1775 1071 1857 1096 cur-

117 1108 224 1147 riculi
231 1107 324 1147 latus
333 1108 523 1162 aliquanto
537 1105 684 1161 longius
692 1109 861 1146 excurrit.
880 1107 896 1127 ⁴
912 1105 956 1144 In
967 1121 1014 1146 eo
1022 1138 1032 1154 ‚
1042 1105 1090 1147 ad
1098 1106 1218 1161 ipsum
1226 1113 1365 1163 aggeris
1374 1113 1515 1149 exitum
1523 1141 1533 1158 ‚
1542 1124 1602 1150 ara
1610 1111 1661 1150 est
1668 1110 1784 1167 figura
1795 1128 1858 1154 ro-

115 1163 244 1204 ttmda.
254 1163 304 1204 ad
312 1177 397 1204 earn
410 1164 515 1203 Deus
524 1163 656 1203 colitur
663 1176 781 1218 quem
788 1161 1044 1217 Taraxippum
1054 1161 1107 1214 (ab
1113 1166 1307 1204 incutiendo
1320 1166 1412 1220 equis
1414 1169 1552 1220 pauore)
1563 1181 1791 1223 nuncupant.
1800 1170 1858 1210 so-

114 1220 196 1260 lent
203 1219 309 1261 enim
316 1220 455 1260 iniecto
463 1223 714 1267 terrore‚circa
722 1233 824 1260 aram
831 1217 917 1258 hanc
931 1222 1019 1274 equi
1026 1233 1104 1259 tam
1113 1220 1356 1261 vehementer
1364 1223 1590 1262 consternari
1599 1255 1609 1271 ‚
1624 1238 1663 1263 vt
1670 1228 1856 1267 incertum

116 1276 219 1318 vnde
230 1291 361 1317 coorta
368 1275 623 1332 trepidatione,
635 1275 725 1331 saepe
732 1275 824 1315 illisis
833 1275 997 1315 curribus
1005 1275 1214 1332 affligantur
1230 1281 1373 1333 aurigae.
1384 1278 1480 1333 QG)
1487 1283 1597 1334 igitur
1603 1295 1713 1334 aequo
1722 1287 1761 1321 δέ
1769 1298 1857 1338 pro-

115 1337 207 1390 pitio
221 1347 372 1373 vtantur
385 1333 620 1388 Taraxippog
635 1333 682 1373 ad
700 1347 784 1375 eam
802 1346 904 1372 aram
919 1337 1052 1388 aurigae
1065 1347 1155 1373 vota
1170 1348 1406 1389 nuncupant.
1424 1337 1549 1375 Variat
1569 1335 1617 1376 de
1639 1335 1855 1394 Taraxippo

114 1392 340 1431 Graecorum
349 1389 535 1430 sententia.
553 1391 647 1430 Sunt
656 1393 721 1445 qui
733 1388 920 1445 indigenae
929 1388 1095 1429 hominis
1114 1389 1321 1445 sepulcrum
1334 1391 1426 1431 illud
1439 1390 1509 1432 effe
1517 1391 1643 1432 dicant
1656 1425 1667 1442 ,
1682 1396 1855 1448 praestan-

113 1451 157 1488 tis
166 1462 284 1502 equos
301 1445 455 1502 regendi
463 1446 624 1486 scientia:
637 1447 821 1486 Olenium
831 1459 977 1486 nomen
995 1445 1177 1501 produnt,
1186 1445 1292 1503 aquo
1304 1447 1345 1487 fit
1358 1452 1398 1487 in
1411 1449 1741 1490 Eleorum-finibus
1757 1454 1854 1493 Ole-

114 1508 223 1544 nium
238 1503 366 1543 saxum
380 1503 621 1558 appellatum.
632 1504 702 1554 Alij
713 1503 960 1543 Dameonem
975 1502 1096 1552 fuisse,
1107 1503 1286 1544 Phliuntis
1294 1504 1430 1554 filiurn,
1442 1509 1507 1560 qui
1517 1510 1553 1544 in
1570 1507 1728 1562 Augean
1742 1523 1854 1564 expe-

112 1560 264 1602 ditionis
279 1561 434 1599 Herculi
442 1559 575 1608 socius,
585 1558 605 1598 a
614 1560 750 1600 Cteato
765 1560 911 1599 Αξῒοτίς
918 1559 1077 1600 filiovna
1095 1574 1184 1600 cum
1200 1575 1301 1616 equo
1310 1593 1320 1610 ‚
1329 1576 1407 1616 quo
1417 1561 1637 1612 vehebatur,
1647 1563 1688 1603 lit
1701 1566 1852 1606 interfe—

113 1618 204 1657 stus:
224 1618 232 1640 ⁵
250 1617 296 1656 ab
304 1617 399 1656 Eleis
408 1631 454 1656 eo
467 1617 657 1664 inloco,&
665 1615 730 1671 ipfi
738 1620 777 1655 δέ
785 1631 898 1671 equo,
906 1620 1024 1656 inanis
1033 1616 1203 1657 habiturn
1218 1618 1371 1672 sepulcri
1385 1618 1577 1658 honorem
1586 1650 1594 1658 .
1612 1620 1706 1660 Non
1721 1621 1852 1663 desunt

112 1678 179 1730 qui
185 1673 381 1713 hocinane
394 1676 678 1713 monimentum
685 1672 882 1712 heroicum
895 1672 985 1713 illud
992 1673 1111 1728 ipsum
1125 1672 1197 1713 elle
1211 1687 1423 1723 autument,
1435 1674 1540 1730 quod
1548 1675 1703 1730 Myrtilo
1718 1679 1852 1735 Pelops

111 1730 288 1786 posuerit,
298 1728 389 1770 curn
401 1728 463 1770 ase
470 1744 665 1784 perempto
681 1728 994 1785 parentaret‚quo
1009 1734 1085 1770 eius
1099 1734 1194 1770 iram
1209 1731 1390 1785 placaret:
1404 1731 1659 1787 Taraxippum
1674 1735 1764 1776 vero
1782 1751 1853 1776 vo-

111 1785 222 1835 casse,
232 1785 339 1842 quod
353 1786 495 1841 Myrtili
510 1785 601 1826 dolo
612 1787 815 1828 OEnomai
834 1801 940 1842 equae
955 1786 1198 1826 consternatae
1211 1786 1358 1827 fiierint.
1375 1788 1488 1828 Multi
1503 1793 1615 1828 etiam
1641 1791 1850 1833 OEnoma-

110 1845 298 1885 uminum
313 1841 385 1884 esse
397 1842 566 1883 diffitant
579 1874 589 1891 ‚
606 1847 670 1898 qui
685 1847 724 1882 in
739 1844 855 1883 curuli
872 1847 1077 1883 certamine
1098 1859 1216 1898 equos
1230 1848 1272 1883 &
1285 1849 1425 1901 aurigas
1445 1846 1509 1886 1110
1523 1850 1682 1902 exagitet
1696 1864 1847 1904 pauore.

109 1900 250 1941 Audiui
261 1903 374 1940 etiam
383 1903 448 1956 qui
463 1899 683 1940 Porthaonis
698 1898 815 1939 filium
826 1899 1054 1940 Alcathoum
1069 1899 1139 1941 effe
1146 1899 1311 1941 dicerent
1318 1933 1328 1950 ,
1337 1907 1402 1957 qui
1409 1900 1498 1941 cum
1506 1906 1601 1942 inter
1608 1918 1743 1958 procos
1751 1906 1850 1961 Hip-

110 1957 297 2013 podamiae
313 1956 359 1996 ab
376 1958 592 2003 OEnomao
601 1955 719 1996 fuiffet
731 1956 887 2004 occisus,
899 1961 994 1997 &eo
1008 1956 1084 2011 ipso
1092 1961 1130 1996 in
1139 1957 1227 1997 loco
1235 1957 1428 2005 humatus,
1449 1961 1461 1978 ⁶
1477 1962 1618 1998 iniuriae
1633 1960 1702 2001 suae
1711 1992 1720 2009 ,
1730 1976 1847 2016 quam

108 2017 149 2053 in
157 2012 235 2068 ipso
249 2014 432 2053 curriculo
441 2011 556 2068 passus
575 2011 660 2053 effer
668 2045 678 2061 ,
687 2027 793 2053 atrox
804 2013 1002 2052 &infestus
1014 2013 1152 2053 vindex
1160 2013 1462 2068 obequitantibus
1471 2019 1665 2054 exoriatur.
1676 2018 1727 2056 At
1734 2019 1848 2073 AEgy-

107 2074 204 2126 ptius
219 2069 374 2125 quidam
389 2071 571 2124 Pelopem
586 2069 706 2109 aiebat
713 2083 910 2124 acceptum
923 2069 1046 2109 nescio
1061 2069 1153 2124 quid
1169 2069 1215 2108 ab
1230 2070 1450 2124 Amphione
1462 2070 1670 2121 Thebano,
1680 2088 1726 2112 eo
1742 2078 1781 2112 in
1789 2076 1846 2114 lo—

107 2143 156 2167 co
165 2124 361 2168 defodiffe;
374 2130 476 2166 cuius
489 2141 613 2165 arcana
627 2129 665 2165 vi
673 2139 763 2165 tunc
776 2129 965 2165 conterriti
979 2126 1116 2165 filerint
1131 2126 1334 2165 OEnomai
1342 2131 1447 2181 equi,
1456 2131 1496 2166 δε
1510 2141 1643 2167 omnes
1661 2129 1798 2171 deinde
1806 2147 1846 2171 e-

107 2181 321 2238 quieodem
335 2181 540 2222 afficiantur
547 2181 680 2221 modo.
699 2183 713 2202 ⁷
729 2183 775 2220 Et
789 2181 958 2222 censebat
972 2183 1032 2221 ille
1040 2181 1197 2237 quidem
1212 2182 1473 2236 Amphionem
1488 2188 1528 2222 &
1543 2184 1745 2239 Orpheum
1764 2188 1845 2238 (etfi

105 2238 236 2280 Thrax
243 2238 444 2286 diceretur)
455 2240 645 2293 AEgyptios
654 2236 767 2277 fuiss'e:
784 2251 977 2292 propterea
990 2239 1081 2278 vero
1096 2239 1197 2278 alteri
1211 2238 1303 2278 feras
1318 2240 1461 2280 allicere
1469 2271 1479 2288 ,
1488 2240 1588 2280 alteri
1603 2241 1693 2282 vero
1709 2242 1789 2284 saxa
1796 2243 1846 2285 ad

106 2310 236 2336 muros
257 2294 481 2335 extruendos
501 2309 657 2334 mouere
679 2295 894 2334 attributum
909 2325 920 2342 ,
936 2294 1042 2349 quod
1056 2308 1212 2350 vterque
1224 2309 1427 2350 magorum
1442 2296 1588 2337 scientia
1607 2300 1840 2340 excellerent.

107 2353 200 2393 Mea
207 2352 297 2393 vero
312 2351 489 2392 sententia
497 2365 630 2392 eorum
639 2351 690 2390 est
698 2351 861 2390 maxime
876 2351 1073 2405 probabilis
1089 2356 1219 2400 oratio,
1229 2356 1293 2407 qui
1301 2352 1554 2408 Taraxippum
1563 2369 1781 2410 cognomen
1790 2357 1843 2397 es-

108 2408 279 2449 sedicunt
287 2409 456 2463 Neptuni
465 2408 650 2463 equestris.
667 2407 728 2446 Est
735 2411 847 2447 etiam
860 2411 899 2446 in
906 2407 1048 2448 Isthmo
1056 2407 1297 2463 Taraxippus,
1309 2413 1370 2463 qui
1379 2411 1542 2450 Glaucus
1539 2411 1617 2464 fuit
1625 2412 1764 2467 Sisyphi
1772 2413 1842 2452 fili-

107 2481 148 2505 us
157 2497 167 2514 ,
177 2465 222 2505 ab
231 2465 398 2521 equabus
412 2464 610 2518 discerptus
617 2463 711 2504 ludis
727 2463 942 2504 fimebribus
951 2495 961 2512 ,
970 2479 1065 2519 quos
1080 2469 1170 2519 patri
1187 2464 1252 2505 suo
1266 2465 1354 2506 fecit
1368 2466 1521 2507 Acastus
1530 2497 1538 2505 .
1555 2468 1598 2507 In
1610 2469 1840 2524 Argiuorum

106 2523 257 2562 Nemea
263 2522 384 2560 nullus
394 2525 555 2561 omnino
564 2520 616 2560 est
630 2520 750 2560 herois
768 2523 896 2575 genius
905 2551 915 2568 ,
925 2525 989 2576 qui
998 2525 1101 2576 equis
1115 2536 1296 2575 pauorem
1302 2526 1495 2563 immittat:
1514 2522 1640 2563 saxum
1648 2525 1794 2565 tantum
1801 2542 1840 2567 e-

106 2582 225 2618 minet
238 2577 341 2632 supra
355 2579 524 2618 curriculi
544 2578 704 2625 flexum,
714 2578 841 2617 colore
848 2578 974 2618 rutilo;
986 2581 1088 2617 cuius
1099 2577 1245 2633 fulgore
1259 2583 1493 2619 concitantur
1509 2585 1595 2635 equi
1604 2612 1614 2629 ,
1628 2580 1730 2622 haud
1738 2584 1840 2623 aliter

104 2633 358 2690 multo‚quam
366 2633 392 2673 sl
400 2634 565 2673 immiffis
573 2634 719 2689 ignibus
727 2634 860 2673 inied‘ta
878 2631 963 2673 effet
971 2632 1176 2688 trepidatio.
1193 2634 1266 2675 Sed
1274 2639 1339 2690 qui
1349 2636 1394 2675 ab
1411 2637 1616 2690 Olympico
1632 2638 1750 2678 existit
1762 2638 1840 2678 Ta-

103 2695 256 2746 raxippo
264 2722 276 2740 ,
286 2691 399 2745 longe
414 2691 466 2730 cst
474 2695 672 2731 acerrimus
682 2704 807 2730 terror.
867 2689 929 2730 Ad
938 2703 1124 2730 metarum
1137 2705 1253 2730 vnam
1260 2706 1362 2732 aenea
1377 2692 1642 2747 Hippodamiae
1650 2694 1764 2735 statua
1771 2695 1835 2744 est,

104 2752 253 2788 taeniam
261 2762 334 2802 prae
343 2747 376 2787 se
384 2747 517 2795 ferens,
538 2746 550 2767 ⁸
566 2751 643 2786 iam
658 2748 773 2801 prope
789 2746 919 2786 vststori
934 2747 1062 2801 Pelopi
1077 2761 1260 2788 coronam
1268 2749 1491 2803 impositura.
1563 2751 1690 2790 Altera
1703 2751 1837 2806 hippo-

102 2804 228 2845 dromi
236 2819 316 2859 pars
324 2819 404 2844 non
415 2818 525 2860 agger
534 2835 543 2852 ‚
554 2803 613 2843 sed
627 2804 729 2843 collis
737 2803 789 2842 est
796 2802 954 2842 minime
964 2802 1113 2846 arduus;
1127 2803 1174 2857 ad
1182 2809 1283 2844 cuius
1291 2819 1502 2845 extremum
1514 2805 1632 2846 finem
1640 2806 1734 2847 aedes
1744 2822 1836 2848 con—

101 2861 178 2902 dita
186 2861 238 2901 est
255 2862 386 2901 Cereri
394 2874 654 2916 cognomento
665 2859 883 2913 Chamynae.
899 2873 1029 2913 putant
1037 2860 1191 2914 quidam
1208 2860 1365 2915 priscum
1373 2861 1412 2902 id
1426 2860 1496 2902 effe
1504 2877 1658 2903 nornen.
1675 2863 1725 2903 ibi
1734 2868 1838 2904 enim

101 2916 192 2958 cum
202 2918 368 2958 Plutonis
377 2931 528 2957 currum
543 2921 731 2970 reciperet,
744 2929 878 2955 terram
887 2915 1073 2956 disceffiss'e
1080 2948 1090 2964 ,
1100 2921 1140 2956 δε
1148 2916 1194 2957 ad
1209 2917 1243 2957 se
1250 2917 1372 2957 statim
1386 2918 1515 2959 rediffe
1523 2950 1531 2958 .
1546 2920 1615 2971 Ali)
1626 2920 1715 2959 vero
1732 2920 1835 2960 Cha-

101 2988 262 3029 mynum
273 2973 428 3013 Pisaeum
441 2973 641 3013 hominem
650 2985 882 3019 memorant,
894 2971 915 3010 a
929 2973 1169 3013 Pantaleonte
1178 2974 1444 3029 Omphalionis
1461 2975 1551 3024 filio,
1569 2979 1582 2995 ⁹
1600 2980 1664 3030 qui
1680 2976 1765 3015 Pisae
1781 2990 1835 3030 ty-

102 3029 300 3070 rannidem
316 3043 515 3084 occuparat
526 3061 536 3077 ‚
551 3027 658 3084 quod
673 3032 788 3068 acrius
800 3029 851 3067 illi
865 3027 1129 3078 aduersaretur‚
1144 3035 1185 3070 &
1205 3029 1253 3070 ad
1268 3030 1522 3071 defefflonem
1544 3033 1652 3071 Eleos
1670 3033 1837 3087 impelle-

101 3090 469 3140 ret,interemptum:
480 3085 528 3125 de
544 3085 734 3139 Chamyni
752 3084 843 3124 vero
858 3090 1014 3139 pecunia
1027 3087 1211 3142 templum
1227 3088 1355 3127 Cereri
1365 3088 1598 3129 aedificatum.
1616 3089 1688 3127 Pro
1703 3095 1836 3128 veteri—

103 3143 169 3182 bus
184 3156 271 3180 noua
279 3142 379 3197 signa
394 3141 550 3196 reposuit
564 3140 642 3182 deae
656 3140 812 3196 ipsius&
825 3140 907 3182 filiae
920 3142 942 3181 e
959 3143 1149 3184 Pentelico
1162 3142 1284 3199 lapide
1293 3143 1465 3184 Herodes
1474 3145 1616 3183 Atticus
1630 3148 1669 3182 in
1678 3159 1836 3200 gymna-

102 3198 153 3238 fio
169 3197 276 3254 quod
292 3199 478 3253 Olympiae
493 3198 545 3238 est
558 3229 569 3246 ,
583 3202 623 3236 in
637 3213 715 3253 quo
730 3201 932 3238 certamina
951 3199 1179 3240 meditantur
1198 3200 1259 3239 sua
1279 3204 1585 3255 quinquertiones
1607 3205 1647 3239 δέ
1661 3201 1832 3241 cursores.

101 3254 269 3311 Crepido
276 3254 340 3295 sub
348 3254 438 3296 diuo
446 3253 589 3310 lapidea
603 3267 761 3303 emmer,
776 3258 899 3310 inqua
914 3255 983 3296 fuit
997 3257 1090 3297 olim
1106 3257 1272 3297 erestum
1288 3257 1496 3311 trophaeum
1506 3256 1553 3297 de
1567 3258 1669 3352 Vliffis
1680 3257 1833 3297 Arcadi-

1879 1186 1944 1220 199
