2047 3665
41 797 83 821 10

46 1354 94 1382 20

42 1932 84 1970 30

0 3034 97 3096 ,50

355 208 718 249 PAVSANIAE
776 210 1103 250 ELIACOR.
1153 212 1572 255 POSTERIOR.
1775 228 1827 267 153

114 300 242 328 autem
251 289 360 327 armis
374 285 451 326 hoc
465 289 504 324 in
514 286 603 326 loco
621 286 777 326 statuam
787 287 919 327 Lichas
934 284 1248 341 pofiiit.Indicant
1263 287 1441 329 Eleorum
1462 292 1584 339 literae,
1600 305 1681 330 non
1690 288 1828 340 Lichae,

116 343 178 384 sed
195 342 382 383 Thebano
399 343 540 396 populo
556 357 640 382 eam
655 343 821 397 palmam
830 343 1029 383 decretam.
1104 341 1199 383 Non
1212 346 1327 400 longe
1342 346 1363 384 a
1377 346 1636 395 Lich-a,statua
1651 347 1764 402 pofita
1779 348 1831 387 est

117 399 349 453 Thrasybulo
373 398 464 438 Eleo
480 402 573 446 vati,
584 413 629 438 ex
643 399 871 440 Iamidarum
885 399 1043 447 familia,
1059 402 1124 455 qui
1139 399 1240 439 suam
1262 401 1562 444 Mantinenfibus
1588 418 1718 444 contra
1739 405 1831 459 Agi—

115 455 206 496 dem
224 453 605 510 Lacedaemoniorum
622 470 770 511 regem,
786 452 1004 495 Eudamidae
1018 454 1156 504 filiurn,
1172 469 1328 511 operam
1344 463 1494 500 nauauit
1503 478 1512 502 ;
1523 474 1597 515 qua
1612 459 1659 500 de
1673 475 1711 500 re
1719 474 1830 515 agam

118 510 282 566 pluribus
302 509 392 550 cum
409 510 457 551 ad
480 510 673 552 Arcadum
693 527 748 552 res
769 526 926 552 venero.
942 512 1012 551 Per
1025 516 1116 552 vatis
1137 512 1335 553 dexterum
1349 513 1562 554 'humerum
1586 517 1593 532 ¹
1616 517 1705 556 feles
1725 519 1828 571 repit.

116 567 237 622 Prope
255 570 355 607 canis
370 570 464 607 iacet
480 567 651 622 bipartito
668 566 855 617 dissectus,
871 567 1015 609 nudato
1029 569 1208 609 iocinore.
1225 568 1341 610 Vetus
1349 568 1469 618 est‚&
1485 568 1531 611 ab
1545 574 1652 612 initio
1668 573 1830 613 instituta

117 639 163 664 ex
171 622 312 672 hoedis,
324 625 592 678 agnis,vitulis,
611 624 830 679 aruspicina.
846 626 963 665 Suem
977 628 1087 680 primi
1102 629 1280 665 omnium
1295 627 1420 681 Cyprij
1439 626 1633 668 addidere.
1644 627 1752 669 Cane
1764 644 1829 670 ve—

113 680 158 720 ro
179 678 227 720 ad
240 692 414 719 extorum
429 679 713 736 significationes
727 682 836 720 nullae
851 682 1012 721 omnino
1025 692 1154 737 gentes
1168 682 1237 722 vsae
1249 682 1340 722 sunt.
1358 682 1589 724 Peculiarcm
1610 686 1735 739 itaque
1750 700 1830 726 cre-

116 736 154 777 di
170 735 277 776 facile
292 736 411 790 potest
426 737 446 776 e
461 739 602 777 caninis
617 737 811 777 visceribus
825 735 1100 778 diuinationem
1120 735 1186 778 fibi
1200 737 1475 793 Thrasybulum
1496 739 1702 780 instituiffe.
1718 743 1830 781 Vates

117 794 182 850 qui
196 791 347 832 Iamidae
361 805 643 848 nuncupantur,
653 791 700 833 ab
713 793 819 834 Iamo
836 793 985 834 oriundi
994 794 1089 837 sunt;
1100 807 1218 850 quem
1229 796 1503 850 Apollinisysatu
1518 802 1713 846 ortum,&
1728 797 1748 836 a
1764 809 1828 852 pa-

115 862 172 890 tre
186 848 381 889 diuinandi
402 853 569 904 peritiam
590 848 784 905 accepiss'e,
800 854 967 890 carmine
988 849 1152 905 prodidit
1168 850 1358 892 Pindarus.
1468 852 1590 909 Prope
1611 851 1832 909 Thrasybuli

116 904 282 961 effigiem
296 905 562 946 Timosthenes
572 907 679 946 Eleus
694 906 828 962 politus
843 907 906 955 est,
916 909 981 962 qui
989 919 1122 962 pueros
1132 909 1169 947 in
1184 905 1301 949 stadio
1315 912 1414 950 vicit.
1430 906 1595 950 Milesius
1603 910 1742 951 deinde
1749 912 1830 950 An-

115 967 264 1017 tiparer,
276 962 486 1018 Clinopatri
495 961 602 1011 filius,
611 965 676 1018 qui
686 964 866 1018 puerosin
879 964 1043 1019 pugilatu
1051 963 1216 1019 perculit.
1226 964 1349 1006 Huius
1359 967 1544 1022 Antipatri
1552 980 1716 1022 patrem,
1731 965 1832 1008 Dio*

116 1018 201 1075 nyfiJ
219 1019 433 1073 Syracusani
453 1018 562 1074 legati
579 1017 627 1059 ad
642 1020 870 1075 Olympium
889 1018 1024 1060 Iouem
1038 1035 1128 1060 cum
1148 1020 1367 1062 muneribus
1387 1023 1503 1072 miffi,
1517 1027 1676 1079 pecunia
1698 1021 1830 1064 delini-

115 1089 198 1116 tum
214 1074 450 1116 adduxerant
463 1088 502 1115 vt
516 1068 636 1115 hlium
650 1076 919 1130 Syracusanum
936 1080 1146 1117 renunciari
1160 1079 1290 1118 vellet:
1310 1092 1345 1118 at
1361 1081 1557 1134 Antipater
1570 1079 1644 1134 ipse
1659 1079 1846 1121 contem—-

117 1135 187 1188 ptis
203 1135 347 1186 tyranni
367 1131 693 1180 donis,Milefium
708 1132 743 1172 se
757 1131 895 1180 ess'e,&
909 1145 956 1172 ex
968 1133 1120 1173 Ionibus
1129 1136 1296 1188 primum
1310 1135 1412 1175 suam
1421 1142 1461 1175 in
1476 1137 1657 1190 Olympia
1676 1137 1834 1177 statuam

118 1186 301 1229 dedicasse
311 1220 320 1237 ,
330 1189 453 1244 elogio
469 1186 615 1228 testatus
631 1187 693 1228 est.
709 1186 810 1229 Fecit
825 1203 910 1229 eam
925 1189 1084 1229 statuam
1097 1190 1322 1244 Polycletus:
1339 1191 1596 1232 Timosthenis
1611 1191 1775 1248 effigiem
1794 1209 1833 1234 e-

117 1244 301 1285 laborauit
316 1242 537 1300 Eutychides
550 1245 746 1299 Sicyonius
760 1245 907 1301 Lyfippi
921 1244 1127 1300 discipulus.
1143 1247 1220 1286 Hic
1232 1246 1337 1287 idem
1351 1248 1573 1302 Eutychides
1590 1251 1684 1303 Syris
1702 1252 1834 1290 Oron-

118 1316 163 1343 tae
178 1303 313 1342 accolis
325 1302 351 1341 F
354 1314 497 1341 ortunae
510 1297 659 1357 iignum
672 1300 779 1350 fecit,
792 1298 899 1358 quod
909 1313 1047 1357 magna
1060 1297 1150 1342 cum
1165 1303 1347 1358 religione
1356 1304 1456 1358 apud
1471 1319 1529 1343 eas
1544 1317 1672 1359 gentes
1688 1308 1833 1346 colitur.

118 1356 294 1400 Proxime
310 1357 358 1399 ad
370 1355 627 1398 Timosthenis
641 1357 798 1398 statuam
807 1390 817 1407 ‚
826 1362 866 1397 in
875 1359 952 1398 Alti
959 1358 1107 1398 Timon
1121 1358 1257 1414 positus
1266 1360 1336 1408 est,
1351 1364 1393 1399 δε
1406 1375 1496 1400 cum
1512 1376 1559 1400 co
1575 1362 1726 1416 AEsypus
1740 1362 1834 1403 filius

117 1427 222 1456 tener
235 1412 377 1463 adhuc,
393 1430 494 1470 equo
508 1411 669 1455 infidens
679 1447 689 1464 ‚
699 1430 774 1471 qua
787 1413 920 1455 scilicet
934 1424 1044 1465 aetate
1055 1415 1067 1430 ²
1084 1428 1186 1470 equo
1201 1416 1326 1471 iniuge
1340 1420 1438 1456 vicit.
1451 1416 1598 1457 Timon
1615 1417 1772 1472 quidem
1787 1419 1835 1460 de

117 1471 235 1513 curuli
250 1474 455 1512 certamine
468 1471 588 1511 vietor
603 1476 838 1512 renunciatus
854 1470 915 1512 est.
932 1475 1007 1511 eius
1021 1475 1062 1511 δε
1075 1470 1136 1523 filij
1153 1468 1319 1526 effigiem
1332 1473 1420 1512 fecit
1434 1472 1612 1513 Daedalus
1628 1477 1834 1529 Sicyonius,

118 1533 184 1585 qui
200 1530 303 1568 vietis
318 1529 433 1583 prelio
449 1528 661 1568 Laconibus
683 1528 894 1583 trophaeum
909 1528 1003 1568 Eleis
1016 1530 1058 1567 in
1077 1528 1154 1567 Alti
1169 1529 1336 1568 ereetum
1351 1529 1565 1570 elaborauit.
1585 1531 1706 1570 Pofita
1720 1537 1835 1572 etiam

117 1587 171 1627 est
193 1587 321 1626 Samio
337 1585 449 1640 pugili
467 1584 583 1624 statua
598 1599 686 1624 cum
701 1585 956 1640 inscriptione,
972 1594 1056 1639 quae
1073 1580 1238 1624 dicatam
1258 1584 1440 1625 testatur'a
1456 1586 1625 1627 Mccone
1638 1591 1836 1642 gymnico⁴

118 1655 204 1683 rum
225 1642 400 1698 magistro
419 1657 426 1680 :
450 1638 663 1696 eademqtie
691 1641 821 1692 Samijs
836 1644 877 1680 in
904 1640 1084 1681 athleticis
1105 1641 1368 1681 certaminibus
1383 1672 1394 1689 ,
1410 1647 1450 1681 &
1471 1643 1663 1683 naualibus
1684 1650 1836 1700 pugnis,

118 1714 193 1754 prae
206 1701 344 1739 caeteris
357 1696 510 1738 Ionibus
524 1698 679 1738 laudem
692 1696 881 1737 summam
900 1694 1035 1736 tribuit.
1052 1693 1099 1737 de
1108 1699 1231 1752 pugile
1245 1697 1403 1752 quidem
1417 1698 1495 1752 ipso
1510 1704 1738 1740 nominatim
1751 1703 1835 1741 nul-

118 1757 152 1796 la
166 1758 323 1795 mentio.
371 1752 512 1794 Pofitus
527 1754 670 1795 ibidem
681 1752 732 1795 est
747 1754 768 1793 ὲ
782 1752 970 1804 Meffenijs
979 1753 1216 1808 Damiscus,q
1223 1757 1258 1793 ui
1270 1767 1390 1793 annos
1403 1766 1511 1794 natos
1527 1751 1745 1806 duodecim,
1756 1760 1834 1812 pal-

116 1825 221 1853 mam
237 1827 282 1852 ex
298 1812 508 1866 Olympicis
522 1810 618 1851 ludis
633 1812 724 1851 tulit.
737 1811 820 1850 Fuit
834 1820 960 1851 autem
974 1820 1017 1849 ea
1031 1805 1126 1848 mihi
1140 1820 1195 1849 res
1210 1810 1313 1850 haud
1328 1811 1452 1850 minus
1474 1810 1591 1866 quam
1605 1814 1674 1852 alia
1692 1820 1832 1869 quaeuis

117 1869 373 1917 admirationi,
388 1867 497 1923 quod
511 1867 647 1908 eadem
660 1868 782 1908 ferme
796 1863 947 1908 fortuna
959 1864 1148 1917 Mess'enijs
1164 1871 1205 1906 &
1220 1867 1395 1922 patriam,
1409 1867 1450 1907 ’δε
1468 1868 1762 1923 Olympicorum
1780 1872 1838 1911 lu-

118 1925 259 1967 dorum
279 1924 437 1981 gloriam
460 1928 648 1979 eripuerit.
670 1939 796 1981 neque
815 1925 920 1965 enim
941 1923 1143 1979 postquam
1159 1922 1179 1963 ἐ
1201 1923 1462 1978 Peloponneso
1476 1925 1583 1964 eiesti
1598 1925 1696 1975 sunt,
1714 1941 1776 1968 aut
1790 1941 1836 1969 ex

118 1983 319 2037 Naupatfim
329 1995 410 2030 ,aut
425 1980 445 2021 e
461 1983 601 2030 Sicilia,
611 1995 742 2036 praeter
756 1980 1000 2021 Leontiscum
1015 1984 1055 2019 δε
1069 1980 1344 2035 Symmachum
1362 1980 1444 2020 freti
1459 1982 1622 2030 accolas,
1638 1983 1836 2038 quisquam

118 2040 139 2079 ὲ
149 2037 337 2090 Meffenijs
351 2037 470 2079 vietor
488 2035 691 2078 declaratus
707 2037 876 2080 est5cu1n
891 2050 1020 2077 tamen
1035 2038 1146 2076 Siculi
1162 2036 1232 2075 hos
1247 2047 1328 2075 non
1343 2033 1565 2090 Meflenios,
1577 2037 1638 2077 secl
1653 2037 1700 2078 de
1714 2040 1836 2092 priscis

119 2096 304 2137 Zanclaeis
320 2093 424 2135 fuisse
443 2092 693 2135 contendant.
712 2094 788 2135 Vbi
802 2093 970 2149 primum
984 2097 1023 2131 in
1040 2092 1344 2147 Peloponnesum
1358 2092 1517 2140 rediere,
1530 2093 1739 2148 pristinam,
1760 2096 1834 2138 hac

119 2157 232 2193 etiam
247 2156 287 2190 in
301 2165 420 2207 parte,
431 2150 533 2206 quasi
548 2149 778 2206 postliminio
791 2151 985 2190 fortunam
996 2160 1167 2203 recepere
1177 2165 1184 2186 :
1195 2144 1382 2203 liquidem
1390 2162 1468 2189 vno
1476 2149 1721 2206 posteaquam
1729 2149 1831 2193 Mes-

121 2209 204 2249 sene
212 2208 374 2248 restituta
382 2208 434 2247 est
449 2221 564 2254 ann0,
572 2206 680 2247 ludos
695 2207 788 2246 Eleis
803 2205 1033 2252 facientibus,
1042 2204 1104 2245 hic
1118 2204 1191 2259 ipse
1205 2202 1253 2245 de
1267 2216 1346 2260 quo
1354 2217 1458 2245 nunc
1469 2209 1612 2260 agimus
1621 2208 1831 2260 Damascus,

119 2280 253 2321 pueros
269 2264 316 2305 de
331 2263 448 2304 stadio
464 2267 561 2305 Viciu
572 2268 614 2303 &1
624 2267 755 2319 quinq3
773 2261 961 2318 posthanc
969 2264 1001 2301 ei
1009 2265 1143 2315 partim
1158 2260 1329 2310 Nemeae,
1337 2264 1472 2316 partim
1480 2261 1571 2302 vero
1578 2263 1761 2305 Isthmicae
1777 2266 1832 2306 vi-

120 2325 245 2363 &toriae
261 2320 438 2377 obtigere.
504 2321 684 2360 Damisco
699 2323 870 2374 proxima
884 2317 936 2359 est
949 2320 1017 2358 viri
1032 2318 1156 2358 nescio
1172 2318 1275 2358 cuius
1289 2316 1421 2360 statua:
1438 2328 1583 2359 nomen
1595 2321 1693 2361 certe
1707 2323 1832 2362 inscri—

120 2383 199 2436 ptio
214 2392 295 2419 non
304 2376 475 2418 declarat.
485 2375 672 2417 dedicauit
683 2376 905 2416 Ptolemaeus
922 2375 1013 2430 Lagi
1029 2373 1140 2417 filius;
1151 2374 1216 2431 qui
1230 2374 1264 2431 se
1277 2372 1539 2416 Macedonem
1551 2376 1830 2420 inscribendum

121 2434 368 2483 curauit,cum
377 2435 526 2489 AEgypti
537 2447 600 2473 rex
612 2432 912 2474 effet.Chaeream
920 2433 1137 2486 Sicyonium
1145 2432 1310 2488 pugilem
1317 2446 1477 2488 puerum
1485 2434 1609 2473 titulus
1618 2432 1730 2475 docet
1739 2435 1831 2476 ado-

52 2501 61 2509 ’
121 2490 364 2533 lesccntulum
377 2490 544 2546 palmam
558 2485 745 2538 meruiffe,
756 2488 1011 2530 Cliaeremone
1023 2501 1126 2544 patre
1146 2502 1334 2544 gemtum:
1350 2493 1526 2529 nominat
1541 2494 1632 2530 item
1647 2490 1770 2532 statuae
1786 2504 1829 2533 o-

121 2547 272 2604 pificem
287 2548 527 2588 Asterionem
549 2546 708 2601 AEschyli
722 2545 853 2585 fllium.
912 2541 1000 2586 Post
1015 2544 1216 2586 Chaeream
1230 2541 1347 2601 Sophi
1403 2542 1606 2587 Meffenius
1620 2557 1722 2602 puer,
1732 2549 1829 2589 &E-

121 2607 197 2646 leus
219 2608 275 2643 vir
291 2607 455 2644 Stomius
473 2604 645 2644 collocati
660 2602 741 2642 sunt
757 2616 764 2640 t
781 2605 820 2640 in
838 2601 943 2641 cursu
964 2600 1025 2641 ille
1039 2613 1172 2656 pueros
1194 2615 1360 2643 anteuert
1404 2619 1413 2644 3
1431 2605 1595 2643 Stomius
1611 2603 1701 2644 vero
1717 2606 1827 2660 quin-

124 2663 254 2717 quertij
280 2661 489 2714 Olympicis
512 2659 606 2700 ludis
627 2672 761 2707 vnam,
777 2672 847 2698 tres
870 2658 1025 2697 Nemeis
1038 2659 1178 2713 palmas
1200 2660 1296 2699 tulit.
1311 2660 1402 2699 Hoc
1423 2661 1580 2714 amplius
1598 2665 1631 2700 ei
1643 2660 1831 2717 inscriptio

124 2716 268 2764 tribuit,
284 2717 461 2756 Eleorum
477 2720 686 2772 equitatum
699 2713 906 2763 duxiss'e,&
920 2714 1027 2754 hoste
1044 2712 1125 2754 fiiso
1146 2711 1311 2771 trophaea
1331 2714 1497 2765 erexisse,
1512 2716 1678 2756 hostium
1691 2716 1829 2757 ducem

123 2790 170 2815 ex
195 2776 465 2828 prouocatione
480 2768 669 2812 occidisse.
686 2766 804 2811 Fuisse
823 2770 914 2811 vero
934 2771 1041 2810 illum
1062 2786 1108 2811 ex
1123 2773 1300 2828 Sicyone,
1317 2777 1357 2811 δε
1373 2774 1551 2828 Sicyonijs
1571 2772 1763 2828 imperasse
1782 2775 1830 2814 E-

125 2832 171 2871 lei
192 2826 379 2869 referunt:
402 2842 505 2868 arma
529 2827 619 2868 vero
647 2828 681 2868 se
702 2826 834 2882 cepisse
854 2832 985 2867 contra
1007 2826 1197 2883 ‘Sicyona,
1226 2828 1407 2869 adductos
1431 2828 1707 2870 Thebanorum
1736 2831 1829 2870 ami—

124 2890 276 2934 citia,&
291 2886 527 2924 Boeotiorum
542 2898 633 2924 tunc
647 2885 779 2925 auxilia
793 2883 925 2938 praesto
938 2883 1005 2923 fibi
1017 2882 1137 2924 fuisse.
1155 2886 1301 2925 Bellum
1316 2899 1406 2924 cum
1422 2886 1600 2940 Sicyonijs
1616 2887 1663 2927 ab
1677 2888 1771 2926 Eleis
1786 2892 1826 2926 &t

123 2942 315 2984 Thebanis
331 2940 476 2996 gestum
495 2940 690 2981 existimari
706 2940 842 2994 potest,
852 2939 934 2995 post
948 2937 1328 2982 Lacedaemoniorum
1343 2942 1579 2983 Leu&rica'm
1594 2940 1751 2983 cladem.

124 2996 265 3040 Pofitus
281 2997 456 3051 deinceps
471 2997 522 3036 est
539 2997 665 3037 Labax
679 2995 889 3051 Euphronis
904 2995 1017 3045 filius,
1026 2994 1129 3052 pugil
1141 2995 1162 3038 ὲ
1177 2995 1322 3053 Lepreo
1329 2998 1519 3038 Eleorum.
1535 2995 1721 3038 Thrasidis
1737 3013 1830 3053 prae-

125 3068 224 3096 terea
237 3054 330 3093 filius
346 3053 602 3094 Aristodemus
612 3056 686 3100 ,vir
693 3053 899 3107 palaestrita,
911 3067 956 3093 ex
969 3053 1041 3108 ipsa
1054 3053 1176 3103 Elide,
1188 3059 1249 3095 cui
1263 3054 1346 3096 duae
1361 3058 1475 3095 etiam
1489 3055 1648 3109 Pythicae
1662 3055 1831 3110 obtigere

125 3113 298 3153 victoriae.
308 3108 482 3165 Effigiem
495 3103 723 3150 Aristodemi
737 3108 824 3149 fecit
838 3112 997 3165 Sicyonij
1007 3107 1153 3163 Daedali
1163 3110 1356 3178 discipulus
1371 3115 1412 3151 <SC
1425 3111 1517 3150 filius
1527 3112 1721 3150 Patrocles.
1733 3111 1846 3166 Hip-1,

126 3180 270 3225 ponem
284 3167 428 3214 Eleum,
438 3167 600 3222 pugilatu
613 3177 746 3221 pueros
761 3169 989 3215 vincentem,
998 3166 1087 3207 fecit
1100 3169 1345 3209 Democritus
1360 3168 1565 3222 Sicyonius,
1578 3171 1643 3223 qui
1657 3167 1704 3220 ad
1719 3170 1830 3223 quin*

126 3223 285 3275 tum'dse
297 3232 387 3262 retro
407 3222 625 3278 magistrum
640 3222 808 3262 Atticum
824 3224 969 3263 Critian
983 3223 1153 3264 refertur.
1171 3222 1360 3264 Prolichus
1382 3227 1486 3263 enim
1500 3224 1716 3278 Corcyraeus
1739 3223 1786 3263 ab
1799 3223 1831 3263 i-

126 3281 190 3337 pso
198 3279 328 3322 didicit
337 3280 462 3321 Critia:
473 3284 501 3319 is
516 3276 779 3335 Amphionem
793 3278 937 3323 docuit3
948 3278 1175 3335 Amphionis
1191 3279 1382 3336 discipulus
1397 3279 1584 3320 fuitPison
1599 3281 1619 3321 e
1635 3281 1827 3322 Calaureae

1850 821 1918 862 179
