2047 3665
48 787 89 812 10

27 1351 76 1377 20

13 2481 67 2515 40

16 3047 58 3084 50

599 194 1356 249 ‘LissERooTAvvs
1772 225 1841 265 225

117 277 181 330 plo
190 308 199 324 ‚
210 271 315 331 quod
322 267 609 316 adBeleminam
617 277 685 318 est.
696 278 858 320 Narrant
873 280 1032 321 Arcades
1049 282 1281 324 Beleminam
1296 287 1388 326 oiim
1397 285 1444 329 ad
1452 285 1531 329 suos
1544 285 1636 330 fines
1651 292 1838 345 pertinen-

116 331 230 381 tem,a
238 330 529 372 Lacedaemoniis
539 332 900 376 abscissamsedenim
907 350 987 376 non
996 337 1073 378 satis
1082 344 1213 379 rationi
1222 342 1468 384 consentanea
1476 343 1598 386 dicere
1606 347 1698 386 mihi
1707 347 1836 388 viden-

118 402 184 428 tur.
194 402 318 442 neque
325 391 428 426 enim
435 386 553 428 fuisset
562 389 633 430 hac
640 394 678 430 in
687 405 787 446 parte
795 392 986 432 Arcadum
994 394 1099 434 causa
1108 394 1129 434 εὶ
1136 395 1326 437 Thebanis
1335 400 1503 454 neglecta
1510 431 1520 448 ‚
1531 401 1556 440 si
1564 406 1642 442 iure
1656 404 1835 445 vindicari

117 458 205 484 eum
212 456 343 498 agrum
351 441 452 497 posse
461 444 620 485 arbitrati
628 446 750 488 essent.
819 446 1050 504 Megalopoli
1060 449 1107 490 ad
1116 451 1257 492 castella
1266 453 1408 509 aliquot
1416 471 1498 510 qnae
1508 461 1602 498 intra
1611 460 1778 500 Arcadiae
1791 459 1836 499 fi·-

114 514 179 540 nes
187 498 276 540 sunn
286 513 325 537 ac
332 499 484 553 primt‘tm
490 502 628 556 quidem
635 503 681 544 ad
691 503 847 558 Methyd
852 508 947 544 rium
955 510 1013 545 via
1021 507 1072 546 est
1079 507 1167 547 stad.
1179 522 1201 547 c
1209 514 1249 548 &
1259 523 1349 549 Lxx.
1363 511 1370 526 ¹
1387 511 1482 551 Non
1489 514 1601 569 longe
1608 515 1777 555 stadxm
1786 515 1836 556 ad

101 558 138 596 ,S
142 559 222 595 cian
230 572 239 596 3
249 554 313 594 vbi
322 557 448 611 templi
457 559 532 599 eius
540 558 646 613 quod
655 559 858 600 Sciaditidis
873 562 1006 601 Dianae
1014 563 1083 602 fuit
1089 595 1099 611 ‚
1110 564 1282 619 reliquiae.
1292 563 1496 608 condidisse
1504 568 1636 609 dicitur
1644 568 1835 612 Aristode-

100 648 103 650 .
111 626 196 651 mus
208 642 218 659 ,
227 610 320 651 dum
328 620 365 650 in
377 613 594 656 &Arcadibus
601 614 866 657 dominaretur.
953 618 1104 660 Abhinc
1112 628 1140 659 x
1147 619 1267 661 ferme
1279 622 1399 663 stadiis
1409 623 1663 665 Charisiorum
1680 628 1781 678 (vrbs
1790 643 1833 668 ea

111 667 285 722 quondam
292 668 372 716 fuit)
382 669 529 725 vestigia
537 685 627 709 nunc
640 670 895 721 ostenduntur,
904 678 943 713 δε
951 690 994 714 ea
1003 675 1158 730 quidem
1165 691 1245 718 non
1253 682 1301 718 ita
1308 677 1435 719 multa.
1450 681 1542 721 Inde
1549 681 1597 722 ad
1604 681 1833 724 Tricolonos

111 723 271 764 totidem
279 721 438 765 stadifim
445 730 504 766 via
511 727 571 766 est.
580 727 729 767 fuerunt
737 729 828 768 olim
837 734 876 768 &
882 730 946 785 ipsi
954 730 1149 772 Tricoloni
1160 734 1253 773 vrbs.
1264 734 1402 776 Mansit
1414 733 1464 775 ibi
1471 737 1518 777 ad
1525 737 1607 778 haec
1615 738 1728 793 vsque
1736 753 1833 779 tem-

110 795 200 836 pora
207 784 245 819 in
254 781 349 821 colle
357 782 524 836 Neptuni
532 785 714 838 templum
723 816 732 831 ,
742 799 832 824 cum
839 786 1019 840 quadrato
1028 787 1140 844 figno.
1150 790 1254 831 lucus
1269 794 1452 847 templum
1461 794 1578 834 ambit
1585 795 1703 834 multis
1715 808 1834 850 opacus

109 836 298 878 arboribus
308 868 315 875 .
325 838 417 877 Eam
429 837 548 878 vrbem
556 841 738 895 Lycaonis
750 840 810 892 filij
821 842 1079 884 condiderunt.
1166 846 1319 887 Zoetian
1333 849 1422 890 vero
1430 849 1450 889 a
1460 849 1672 891 Tricolonis
1686 867 1744 892 xv
1751 853 1833 906 plus

109 897 232 933 minus
240 893 359 933 stadiis
369 894 577 944 distantem,
586 910 666 936 non
673 897 775 937 reno
783 898 866 938 satire
873 901 1075 949 itinere,sed
1083 902 1128 943 ad
1136 904 1266 943 laeuam
1277 904 1738 956 diuertenribus‚Zoeteuin
1745 909 1832 948 Tri-

107 951 235 991 coloni
243 949 360 989 filium
369 951 557 991 coloniam
573 951 760 993 deduxisse
773 953 930 995 tradunt.
941 957 991 996 At
1000 958 1176 999 Paroreus
1194 960 1389 1002 Tricoloni
1400 966 1445 1010 ὠ·
1457 965 1654 1018 ipskminor
1663 979 1753 1006 natu
1761 966 1831 1005 fili-

107 1022 160 1054 us,
171 1008 343 1046 Parorian
351 1008 556 1056 excitarim&
564 1009 690 1049 Zoetia
696 1023 776 1049 non
784 1011 930 1065 longius
938 1012 1051 1054 stadia
1058 1028 1094 1053 x.
1100 1015 1252 1056 Deserta
1261 1032 1364 1059 aetate
1371 1033 1456 1061 mea
1464 1034 1619 1075 Vtraque
1626 1022 1687 1062 est.
1695 1024 1831 1064 Extant

106 1062 177 1103 hac
186 1076 288 1102 aetate
297 1063 441 1112 Zoetiae,
452 1065 595 1105 Cereris
604 1067 785 1106 &Dianae
794 1066 954 1108 delubra.
1012 1071 1097 1111 Alia
1105 1077 1217 1112 etiam
1225 1074 1373 1115 vrbium
1380 1076 1524 1117 ruinosa
1533 1077 1695 1118 visuntur
1703 1085 1829 1120 moni-

106 1133 245 1159 menta:
255 1119 403 1174 Thyraei
412 1120 431 1159 a
440 1122 586 1161 Paroria
602 1124 795 1162 interuallo
804 1123 890 1163 stad.
900 1138 967 1164 xv:
978 1127 1175 1180 Hypsuntis
1182 1133 1220 1167 in
1229 1144 1371 1180 monte,
1384 1132 1486 1188 supra
1494 1135 1693 1188 planitiem.
1703 1142 1827 1178 monti

104 1175 208 1216 idem
215 1175 320 1230 quod
335 1176 473 1230 oppido
481 1191 626 1218 nomen
633 1208 642 1217 .
651 1177 884 1219 Mediainter
898 1180 1101 1236 Thyraeum
1115 1190 1154 1224 δε
1162 1186 1395 1240 Hypsuntem
1413 1194 1515 1245 regio
1531 1204 1608 1230 tota
1623 1207 1805 1234 montana
1812 1226 1824 1244 ‚

104 1246 182 1272 tota
189 1232 271 1272 feris
278 1233 419 1272 referta.
433 1232 547 1274 Fuisse
555 1235 735 1289 Lycaonis
744 1233 837 1275 filios
845 1236 1048 1292 Thyraeum
1056 1244 1096 1278 &
1113 1240 1517 1300 Hypsiintein,fi1perius
1526 1246 1662 1288 anobis
1671 1249 1723 1289 est
1729 1250 1826 1291 indi-

103 1300 241 1329 catum.
284 1288 495 1330 Tricolonis
503 1289 550 1330 ad
561 1291 749 1331 dexteram
757 1296 815 1332 via
822 1293 986 1347 primum
994 1297 1139 1336 acclinis
1148 1298 1201 1337 est
1208 1298 1256 1338 ad
1264 1299 1487 1349 fontem,cui
1500 1304 1731 1358 Cruni(quast
1747 1308 1758 1322 ²
1765 1308 1828 1346 du-

104 1348 177 1385 eius
184 1359 276 1401 aquae
283 1346 573 1394 dixeris)nomen.
587 1348 620 1386 A
630 1348 765 1388 Crunis
774 1362 859 1388 xxx
868 1347 1026 1391 stadium
1036 1353 1134 1392 abest
1140 1356 1332 1396 interuallo
1343 1355 1513 1398 Caflfistfis
1521 1359 1738 1414 sepulcrum,
1747 1363 1826 1404 edi—

101 1417 157 1442 tus
167 1415 268 1442 terrae
275 1417 386 1458 agger
393 1434 403 1450 ,
412 1404 534 1442 multis
542 1402 630 1444 cum
639 1404 862 1446 infoecundis
872 1420 952 1445 tum
967 1405 1154 1462 pomiferis
1163 1411 1308 1452 vestitus
1316 1413 1516 1454 arboribus.
1537 1417 1546 1437 ³
1558 1417 1602 1455 In
1616 1423 1753 1459 vertice
1771 1434 1825 1460 at·-

101 1460 194 1499 tollit
203 1458 236 1498 se
243 1459 378 1498 Diana:
386 1458 480 1498 aedes
489 1491 499 1507 ‚
508 1463 567 1499 cui
576 1461 732 1500 Callistae
742 1468 752 1512 (
760 1461 817 1500 hoc
825 1463 880 1512 est',
892 1463 1129 1514 Pulcherrimae)
1135 1482 1300 1522 cognom
1305 1470 1565 1512 etum.Primus
1574 1487 1710 1523 autem,
1718 1476 1826 1531 quod

100 1517 225 1563 sciam,
236 1516 423 1570 Pamphus
432 1517 610 1565 Dianam,
622 1531 776 1572 accepto
785 1518 830 1558 ab
841 1520 1043 1561 Arcadibus
1051 1527 1220 1571 nomine,
1233 1525 1392 1566 versibus
1403 1528 1577 1569 Callisten
1585 1532 1791 1585 appellauit.

99 1573 180 1611 Iam
188 1572 277 1611 vero
286 1571 465 1612 stad.hinc
473 1585 571 1620 xxv,
580 1572 600 1611 a
609 1573 822 1614 Tricolonis
831 1576 972 1630 prorsus
987 1591 1022 1626 c,
1032 1578 1280 1620 Heliss'ontem
1295 1583 1424 1625 versum
1434 1584 1530 1624 reeta
1540 1587 1630 1626 vero
1642 1587 1662 1626 a
1671 1588 1824 1645 Methy-

100 1628 182 1669 drio
192 1627 276 1679 (sola
284 1632 385 1668 enim
394 1628 474 1668 hacc
484 1628 531 1668 de
538 1629 751 1670 Tricolonis
758 1633 898 1686 reliqua
907 1634 969 1682 est)
975 1635 1162 1676 Anemosa
1170 1640 1270 1677 vicus
1279 1638 1432 1687 abest,&
1439 1654 1550 1681 mons
1558 1642 1821 1687 Phalanthum.

98 1686 143 1725 In
150 1697 282 1724 monte
291 1684 485 1724 Phalanthi
494 1685 590 1725 vrbis
599 1687 760 1741 reliquiae
768 1687 856 1727 sunt.
867 1690 1074 1746 Agelai‚qui
1084 1695 1106 1732 S
1111 1693 1288 1747 tympheli
1296 1695 1375 1743 fuit,
1380 1696 1629 1738 Phalanthum
1636 1699 1755 1741 filium
1763 1703 1824 1742 fu-

97 1739 160 1781 isse
171 1739 309 1781 dicunt.
316 1741 453 1796 Campi
461 1741 620 1782 subiacet
626 1747 759 1791 monti,
764 1749 828 1798 qui
838 1746 912 1784 Pali
920 1749 1259 1803 nuncupaturJnde
1267 1748 1450 1792 Schoenfis
1459 1755 1654 1808 oppidic‘,cui
1662 1758 1681 1796 a
1690 1760 1712 1798 S
1717 1759 1823 1800 choe-

96 1812 172 1839 neo
181 1798 315 1837 Boeoto
323 1798 605 1854 nomeinbd
611 1799 637 1838 fi
646 1799 850 1841 Schoeneus
857 1802 916 1841 ille
924 1806 964 1842 in
972 1805 1172 1845 Arcadiam
1181 1807 1382 1862 aliquando
1390 1814 1502 1859 venit,
1511 1815 1690 1854 curricula
1707 1819 1821 1856 etiam

98 1869 181 1910 quae
190 1854 409 1894 Schoenunti
419 1860 600 1909 proxima,
610 1856 788 1898 Atalantae
797 1856 1029 1908 dicuntur,ab
1037 1864 1112 1901 eius
1121 1861 1194 1902 filia
1202 1877 1346 1904 nornen
1355 1866 1530 1920 accepisse
1538 1869 1652 1910 videri
1659 1871 1818 1926 possunt.

98 1910 263 1959 Dehinc,
271 1916 322 1951 vti
331 1925 415 1951 mea
423 1911 493 1951 tert
501 1915 631 1965 opinio
637 1943 647 1960 ‚
654 1913 721 1952 alia
728 1917 840 1954 etiam
849 1912 999 1956 fuerunt
1006 1918 1151 1972 oppida.
1176 1920 1344 1960 Arcadiae
1351 1926 1453 1961 enim
1461 1922 1593 1965 finibus
1602 1926 1682 1967 haec
1689 1933 1820 1970 omnia

97 1967 145 2007 ab
153 1967 328 2007 omnibus
336 1968 420 2007 loca
431 1967 683 2008 adscribuntur
690 2001 700 2017 ‚
710 1969 769 2010 secl
777 1970 823 2010 ad
831 1971 1034 2012 hominum
1048 1979 1275 2015 memoriam
1283 1980 1358 2017 iam
1366 1977 1484 2018 solum
1493 1982 1662 2023 relietum
1672 1984 1724 2024 est
1731 1985 1820 2025 Me-

97 2023 302 2078 thydrium:
316 2025 394 2079 quo
410 2024 430 2063 ii
437 2024 649 2065 Tricolonis
664 2030 721 2065 via
730 2026 896 2079 perducit
909 2028 997 2069 stad.
1019 2043 1041 2069 c
1049 2043 1077 2069 x
1086 2043 1113 2069 Χ
1121 2044 1148 2070 x
1157 2045 1180 2070 v
1191 2046 1206 2070 1
1215 2046 1239 2070 1.
1255 2032 1298 2072 Id
1306 2038 1471 2074 nominis
1485 2037 1624 2091 oppido
1633 2040 1684 2078 est
1691 2071 1701 2088 ,
1711 2041 1818 2095 quod

92 2079 225 2120 medio
238 2080 326 2120 loco
340 2084 435 2121 inter
449 2081 632 2121 Maloeran
641 2087 676 2121 δι
695 2082 931 2136 Mylaontem
946 2085 1103 2126 flumina
1110 2118 1119 2134 ,
1137 2087 1226 2127 illud
1242 2088 1322 2127 olim
1338 2091 1606 2133 Orchomenus
1620 2098 1659 2134 in
1674 2097 1816 2138 excelso

95 2137 191 2176 colle
199 2136 376 2177 condidit.
382 2138 439 2177 Ac
447 2136 737 2191 Methydrienses
747 2139 913 2193 quidem,
922 2155 1123 2196 antequam
1132 2143 1165 2182 se
1173 2144 1494 2199 Megalopolitanis
1504 2148 1756 2206 adiungerent,
1761 2154 1818 2193 su-

94 2208 136 2233 os
145 2198 185 2232 δε
192 2193 256 2247 ipfi
272 2195 562 2248 Olympicorum
578 2193 756 2234 ludorum
763 2196 919 2236 vietores
932 2198 1130 2251 praedicare
1144 2214 1358 2253 potuerunt.
1367 2203 1428 2241 Est
1436 2203 1483 2243 M
1485 2204 1635 2259 ethydrij
1646 2209 1816 2264 Neptuni

94 2249 278 2304 Equestris
286 2249 380 2289 aedes
389 2249 435 2289 ad
444 2250 678 2304 Mylaontem
686 2250 854 2290 fluuium.
869 2252 1112 2294 Thaumastus
1121 2256 1210 2295 vero
1219 2271 1329 2297 mons
1337 2289 1348 2306 ,
1356 2263 1417 2311 qui
1430 2263 1479 2298 eff
1487 2261 1507 2299 a*
1514 2265 1682 2303 miraculis
1691 2268 1816 2320 appel-

95 2306 185 2346 latus
193 2338 203 2355 ‚
212 2306 315 2360 supra
325 2304 532 2345 Moloffum
539 2321 693 2346 amnem
701 2307 767 2346 est.
777 2308 866 2347 Huc
883 2307 917 2348 se
924 2309 1073 2350 Rheam
1084 2312 1216 2352 Iouem
1230 2328 1334 2354 vtero
1348 2315 1530 2358 ferentem
1538 2320 1709 2375 recepisse
1723 2323 1816 2362 credi

93 2364 226 2403 volunt
238 2362 531 2418 Methydrienses
542 2394 552 2410 ,
561 2363 809 2417 Hoplodamo
818 2367 858 2403 δέ
867 2366 941 2405 aliis
956 2371 1030 2406 eius
1045 2367 1147 2407 sociis
1163 2371 1382 2424 Gigantibus
1394 2375 1433 2410 in
1448 2376 1625 2416 auxilium
1633 2382 1755 2418 accitis
1765 2411 1775 2428 ‚
1784 2380 1812 2420 fi

93 2418 188 2458 sorte
200 2422 376 2460 Saturnus
386 2423 464 2458 vim
472 2423 504 2458 ei
512 2420 584 2459 vlla
591 2423 794 2460 intentaret.
811 2421 869 2461 Ac
877 2422 1091 2463 fatenturilli
1100 2425 1254 2479 quidem
1263 2427 1410 2468 Rheam
1417 2434 1457 2468 in
1465 2431 1587 2485 quadri
1596 2434 1715 2488 Lycaei
1729 2449 1813 2490 par-

94 2488 129 2515 te
137 2476 309 2530 peperisse
318 2494 325 2515 :
343 2477 435 2517 dolo
443 2475 534 2516 vero
544 2478 743 2516 Saturnum
753 2508 762 2524 ‚
771 2492 838 2532 pro
848 2493 962 2532 puero
972 2480 1093 2534 lapide
1101 2482 1264 2535 apposito
1273 2515 1283 2532 ‚
1291 2487 1331 2523 in
1337 2485 1414 2525 hoc
1428 2488 1504 2540 ipso
1511 2502 1644 2530 monte
1651 2495 1812 2532 circum-

93 2545 249 2571 uentum
256 2533 462 2587 prodidere.
469 2533 705 2587 Spectarurin
715 2538 852 2574 montis
867 2538 955 2590 iugo
964 2536 1134 2591 spelunca
1152 2538 1277 2582 Rheae;
1293 2541 1372 2596 quo
1386 2544 1476 2582 nulli
1488 2544 1514 2583 h
1519 2549 1692 2587 ominum
1701 2580 1710 2597 ,
1720 2563 1812 2603 prae-

91 2602 262 2643 terquam
271 2589 349 2629 solis
357 2590 434 2630 deae
443 2591 538 2630 sacra
546 2589 765 2630 facientibus
780 2590 944 2631 foeminis
957 2596 1109 2633 introire
1116 2594 1167 2634 fas
1176 2595 1236 2636 est.
1324 2599 1358 2638 A
1375 2599 1590 2655 Methydrio
1605 2604 1717 2644 stadia
1731 2602 1811 2659 plus

90 2648 213 2684 minus
222 2658 307 2683 xxx
321 2646 420 2686 abest
428 2645 656 2702 Nymphasia
663 2646 747 2686 fons
757 2664 764 2685 :
775 2647 932 2688 totidem
940 2650 1114 2691 intersunt
1129 2652 1149 2693 a
1158 2652 1384 2709 Nymphasia
1393 2656 1439 2697 ad
1447 2672 1671 2700 communes
1678 2661 1812 2716 Mega-

89 2701 381 2755 lopolitanorum
389 2734 398 2750 ‚
410 2703 761 2743 Orchomeniorum
769 2735 779 2752 ‚
788 2708 829 2743 δε
845 2705 1081 2761 Caphyatum
1095 2708 1196 2749 fines.
1213 2711 1270 2751 Ac
1285 2712 1568 2767 Megapolitanis
1577 2715 1732 2770 quidem
1745 2732 1812 2772 per

88 2760 262 2812 angustias
271 2773 372 2812 ,quae
383 2772 496 2813 portae
510 2759 556 2799 ad
564 2760 681 2800 Helos
696 2764 960 2810 nominantur,
969 2768 1027 2803 via
1033 2778 1131 2818 patet
1145 2766 1191 2806 ad
1199 2767 1405 2807 Maenalum
1421 2784 1548 2823 praeter
1561 2771 1810 2814 Helissontem

89 2813 418 2853 contendentibus.
436 2814 496 2854 Ad
509 2819 584 2855 eius
599 2820 666 2855 viae
687 2817 820 2856 laeuam
836 2819 931 2857 Boni
947 2820 1022 2860 Dei
1036 2821 1130 2861 aedes
1151 2823 1218 2862 est.
1232 2824 1353 2880 Qod
1370 2825 1395 2864 si
1403 2826 1440 2865 di
1454 2826 1670 2869 hominibus
1686 2830 1809 2870 bono-—

89 2885 175 2910 rum
189 2884 332 2910 autores
346 2870 425 2909 sunt
433 2902 443 2918 ,
458 2870 618 2911 deorum
632 2872 722 2912 vero
737 2873 924 2927 supremus
939 2875 990 2915 est
1004 2878 1138 2932 Iupiter
1146 2910 1156 2927 ,
1165 2881 1261 2919 redte*
1276 2881 1431 2935 quidem
1445 2882 1521 2924 hoc
1533 2885 1629 2924 Iouis
1643 2887 1808 2926 maxime

89 2931 281 2982 proprium
289 2941 508 2981 cognomen
521 2926 591 2967 efle
604 2932 786 2969 coniicere
794 2930 912 2984 poffis.
987 2933 1102 2973 Paulo
1111 2934 1200 2975 hinc
1207 2938 1353 2991 longius
1362 2952 1462 2978 terrae
1470 2955 1581 2995 agger
1587 2941 1639 2981 est
1647 2973 1656 2989 ‚
1668 2942 1810 2983 Aristo-

88 2984 189 3023 demi
205 2982 411 3036 sepulcrum
421 3000 429 3021 :
439 2987 498 3022 cui
507 2988 586 3023 viro
595 2998 643 3023 ne
650 2984 722 3038 ipsa
729 2986 884 3039 quidem
894 2994 1051 3042 tyrannis
1061 2991 1156 3030 Boni
1164 3007 1381 3048 cognomen
1390 2999 1535 3049 eripuit.
1546 2998 1730 3038 Minerua:
1743 3002 1811 3038 eti-

86 3054 147 3080 am
154 3040 219 3078 illsc
228 3039 503 3078 Machinatricis
513 3038 722 3079 delubrum:
733 3043 793 3080 hoc
799 3043 863 3081 deae
870 3059 1089 3100 cognomen
1095 3047 1174 3086 inde
1180 3051 1236 3098 est,
1246 3050 1351 3104 quod
1358 3051 1429 3105 ipsa
1437 3057 1560 3092 omnis
1566 3058 1708 3108 generis
1717 3070 1810 3095 con-

88 3097 252 3135 filiorum
261 3101 300 3134 δέ
309 3100 442 3134 artium
456 3095 672 3136 hominibus
679 3101 864 3145 inuentrix
879 3106 1004 3142 extitit.
1016 3103 1078 3144 Ad
1084 3108 1152 3144 viae
1168 3104 1358 3146 dexteram
1373 3108 1499 3148 Boreae
1513 3124 1595 3148 area
1609 3109 1729 3151 dicata
1743 3112 1807 3160 est,

87 3168 108 3192 c
114 3157 147 3190 ui
155 3152 441 3191 anniuersarium
449 3152 589 3191 sacrum
598 3153 904 3209 Megalopolitani
912 3158 1188 3216 faciuntsneque
1196 3163 1257 3201 vlli
1265 3162 1423 3202 deorum
1432 3168 1588 3204 maiores
1595 3165 1734 3206 habent
1740 3168 1813 3208 ho-

87 3208 315 3262 nores,quod
325 3223 389 3262 per
397 3222 484 3248 eum
495 3221 624 3248 contra
632 3210 1010 3254 Lacedaemoniorum
1018 3219 1052 3255 ὃ(
1067 3217 1195 3272 Agidis
1205 3232 1383 3258 conatum
1396 3219 1521 3260 seruati
1530 3222 1675 3262 fuerint.
1721 3225 1812 3264 Pro·

85 3270 190 3304 ximo
198 3266 284 3304 loco
300 3265 350 3304 est
360 3265 449 3303 νεέῗιὶ
452 3266 681 3319 progredienti
695 3269 818 3308 Oiclei
826 3270 1041 3325 Amphiarai
1056 3277 1163 3326 patris
1173 3274 1418 3328 sepulcrurrnsi
1426 3276 1547 3317 modo
1556 3281 1594 3316 in
1603 3279 1810 3320 Arcadiail-

86 3322 133 3369 le,
144 3337 186 3362 ac
194 3336 273 3362 non
284 3321 330 3361 ad
338 3321 494 3361 Troiam
503 3353 513 3370 ‚
523 3320 610 3361 cum
620 3323 824 3366 Herculem
833 3325 1001 3368 aduersus
1016 3329 1318 3370 Laomedontem
1333 3332 1546 3386 profestum
1560 3333 1698 3375 secutus
1709 3334 1813 3387 estet,

1847 1141 1923 1174 266
